3225 5192
368 675 434 737 280
675 693 836 738 crunnum
855 695 1006 738 rrrscorr

372 831 446 894 pam
470 809 661 894 appellastis,
677 819 710 875 et
732 812 817 876 sicut
839 811 874 874 in
895 812 1054 893 ingressu,
1070 811 1116 875 sic
1137 811 1172 874 in
1194 831 1327 894 egressu

372 919 476 977 vestro
490 934 650 976 summam
664 913 749 996 regis
764 914 1046 978 mansuetudinem
1064 922 1098 978 et
1117 914 1324 978 tolerantiam

372 1015 461 1080 robis
485 1016 659 1082 observater
681 1018 768 1102 pacis
791 1017 919 1082 iudiciis
944 1019 1129 1102 agnovistis.
1173 1018 1262 1083 Nam
1285 1024 1326 1081 ut

373 1118 408 1181 iu
423 1118 619 1184 Absslouem
634 1121 815 1204 prodeunte
833 1121 977 1186 exercitu
995 1129 1130 1204 paterna
1148 1121 1250 1206 pietas
1270 1140 1326 1183 ex-

375 1219 535 1299 clamavit,
562 1223 694 1286 Servate
723 1222 803 1286 mihi
832 1244 970 1308 puerum
993 1225 1150 1303 Absalon,
1181 1225 1227 1287 sic
1254 1225 1326 1307 ejus

374 1323 529 1388 mandato
543 1345 619 1390 voce
634 1327 744 1390 statim
759 1327 955 1410 praeconaria
973 1330 1100 1392 cunctis
1118 1327 1271 1405 innotuit,
1284 1332 1326 1389 nt

374 1425 474 1509 siquis
493 1425 581 1491 vobis
603 1435 660 1492 aut
682 1449 700 1492 e
721 1429 835 1493 vestris
858 1429 1009 1514 cuiqnam
1032 1431 1188 1494 molestus
1211 1428 1325 1492 existe·

374 1535 435 1607 ret,
458 1529 564 1595 ultore
585 1531 692 1614 gladio
714 1531 882 1616 deperiret.
928 1533 1108 1598 Addidistis
1129 1532 1171 1596 ad
1191 1531 1270 1609 haec,
1292 1538 1327 1594 et

374 1641 531 1718 tauquam
545 1635 619 1700 vitre
632 1643 745 1700 vestrae
760 1637 810 1699 vel
824 1637 976 1720 sanguini
990 1637 1230 1701 machinaretur
1248 1635 1326 1698 insi·

376 1737 454 1816 dias,
470 1738 548 1820 fuga
566 1745 661 1804 nocte
682 1740 774 1818 inita,
792 1747 920 1804 mutato
941 1740 1056 1804 babitu
1078 1746 1151 1823 post
1171 1738 1327 1802 latitatio-

376 1857 452 1900 nem
478 1837 721 1921 aliquantulam,
748 1861 767 1901 a
790 1859 893 1922 reguo
922 1839 1006 1902 clam
1034 1837 1267 1915 transmeastis,
1293 1843 1328 1899 et

377 1940 508 2004 nemine
522 1950 745 2027 persequente,
757 1943 847 2006 nullo
857 1963 913 2008 ros
924 1942 1105 2026 expellente
1119 1948 1211 2005 cntra
1224 1940 1328 2008 doni-

376 2042 517 2106 nationis
541 2064 612 2108 snae
629 2045 700 2108 loca
724 2045 760 2108 iu
779 2065 882 2127 regno
904 2046 992 2109 vobis
1014 2045 1117 2110 altero
1136 2043 1178 2108 ad
1198 2051 1327 2126 tempus

374 2144 486 2208 sedem
501 2145 652 2228 elegistis.
701 2146 791 2225 lude,
813 2169 928 2212 navem
948 2147 1129 2230 gubernare
1148 2147 1327 2232 disponitis,

377 2266 474 2328 qnam
503 2245 538 2309 in
568 2247 720 2311 fluctibus
745 2255 779 2312 et
805 2256 998 2334 tempestate
1022 2249 1183 2314 subducto
1206 2249 1330 2332 remige

375 2347 568 2431 reliquistis;
587 2349 665 2414 hinc
679 2373 739 2416 nos
753 2359 860 2416 vestra
871 2352 966 2437 jubet
980 2352 1013 2417 et
1027 2354 1178 2417 hortatur
1191 2352 1328 2417 auctori-

377 2459 427 2516 tas
448 2459 487 2517 nt
507 2461 730 2518 convertamur
749 2455 790 2519 ad
808 2477 874 2534 ros,
889 2462 923 2520 et
940 2456 1019 2519 salvi
1038 2456 1148 2535 simus,
1163 2463 1203 2520 nt
1216 2455 1329 2519 restris

377 2555 565 2622 inbaereudo
586 2559 729 2642 vestigiis
750 2579 809 2642 pro
830 2559 961 2622 Christo
985 2565 1123 2622 mortem
1147 2558 1329 2635 subeamus,

379 2666 413 2724 et
434 2679 492 2745 pm
514 2661 680 2726 liberanda
701 2661 800 2745 ipsius
822 2661 955 2726 eeclesia
976 2651 1105 2726 animas
1121 2683 1242 2744 ponere
1263 2683 1330 2725 uon

378 2771 571 2828 metuamus.
617 2765 660 2828 Et
682 2766 794 2848 utique
816 2765 844 2828 si
866 2764 1072 2829 attendamus
1094 2773 1216 2848 quauta
1237 2764 1330 2829 nobis

378 2865 610 2948 pmmittantur
630 2866 663 2928 iu
685 2865 783 2945 coelis,
800 2865 939 2930 debeant
957 2866 1066 2930 auimo
1080 2867 1230 2931 vilescere
1245 2888 1330 2952 qure-

380 2988 509 3052 cnuqne
522 2969 727 3053 possidentur
740 2969 776 3032 in
791 2970 895 3033 terris.
926 2970 1014 3033 Nam
1026 2991 1087 3034 nec
1100 2970 1215 3052 lingua
1224 2971 1331 3035 dicere

379 3091 440 3134 nec
469 3072 652 3136 intellectus
677 3093 790 3156 capere
816 3073 910 3152 valet,
936 3073 994 3136 ills
1018 3095 1167 3156 supemae
1192 3073 1329 3138 civitatis

381 3180 503 3257 quauta
517 3175 586 3238 sint
599 3174 725 3257 gaudia,
740 3176 943 3258 Angelomm
957 3175 1063 3240 choris
1077 3177 1244 3254 interesse,
1255 3199 1330 3240 cum

380 3273 573 3340 beatissimis
588 3276 753 3360 spiritibus
768 3277 878 3360 gloriae
888 3278 1063 3342 conditoris
1077 3279 1235 3358 assistere,
1250 3299 1330 3363 prac-

381 3387 507 3444 sentem
522 3379 582 3443 Dei
598 3381 725 3446 vultum
740 3401 880 3458 cernere,
897 3381 987 3446 nullo
999 3387 1091 3446 metu
1106 3381 1219 3446 mortis
1238 3382 1329 3458 affici,

380 3481 629 3565 incorruptionis
644 3504 709 3547 suae
724 3505 859 3547 munere
872 3491 1028 3567 perpetuo
1042 3484 1182 3567 gloriari.
1226 3484 1331 3548 Passi-

381 3603 460 3647 ones
474 3584 571 3666 hnjus
586 3586 738 3668 temporis
752 3587 887 3650 minime
902 3586 1072 3670 condigna
1086 3594 1164 3651 sunt
1182 3587 1224 3651 ad
1242 3587 1330 3651 futu·

381 3705 451 3748 rum
478 3685 611 3767 gloriam
636 3708 707 3770 quae
730 3688 924 3752 revelabitur
947 3689 983 3752 in
1006 3689 1135 3754 sanctis.
1180 3690 1224 3752 Et
1248 3689 1332 3772 quod

382 3787 479 3852 modo
498 3788 566 3851 leve
586 3796 635 3852 est
654 3797 688 3854 et
705 3799 970 3856 momentaneum
990 3791 1217 3870 tribulationis,
1235 3813 1332 3875 supra

176 3931 178 3938 ·
288 3967 293 3978 ῃ
382 3911 511 3954 omnem
531 3891 662 3956 modum
686 3901 807 3958 eternas
830 3895 941 3977 gloriae
957 3895 1085 3979 pondus
1099 3894 1283 3979 operabitur
1296 3895 1331 3959 in

289 3983 294 3994 ¹
381 3993 501 4073 electis,
516 3994 585 4058 bec
600 3996 719 4060 uostris
730 3998 856 4080 jamdiu
871 3999 1018 4063 sensibus
1032 3999 1240 4077 insedemut3
1259 4021 1332 4063 uos-

380 4103 433 4162 tra
451 4097 576 4183 jamdiu
599 4099 707 4163 studia
731 4101 800 4164 haec
822 4110 896 4185 post
917 4123 952 4166 se
972 4102 1130 4186 pmmissa
1151 4109 1331 4166 traxerunt.

381 4199 489 4283 Caput
517 4200 643 4265 utinam
670 4203 755 4284 quod
785 4203 866 4266 mibi
892 4204 1030 4287 scapulis
1054 4202 1184 4280 insidet,
1211 4202 1333 4268 lictoris

382 4302 507 4384 gladius
526 4305 710 4389 projecisset
731 4305 764 4369 iu
786 4306 939 4385 medium,
955 4307 1034 4370 dum
1054 4313 1166 4370 tamen
1187 4306 1333 4389 legitimo
