<?xml version="1.0" encoding="UTF-8"?>
<!DOCTYPE html PUBLIC "-//W3C//DTD XHTML 1.0 Transitional//EN"
    "http://www.w3.org/TR/xhtml1/DTD/xhtml1-transitional.dtd">
<html xmlns="http://www.w3.org/1999/xhtml" xml:lang="en" lang="en">
 <head>
  <title>
</title>
<meta http-equiv="Content-Type" content="text/html;charset=utf-8" />
  <meta name='ocr-system' content='tesseract 3.04.00' />
  <meta name='ocr-capabilities' content='ocr_page ocr_carea ocr_par ocr_line ocrx_word'/>
</head>
<body>
  <div class='ocr_page' id='page_1' title='image "./gilbertiexabbat00gilegoog_0395.png"; bbox 0 0 3225 5192; ppageno 0'>
   <div class='ocr_carea' id='block_1_1' title="bbox 396 701 1044 763">
    <p class='ocr_par' dir='ltr' id='par_1_1' title="bbox 396 701 1044 763">
     <span class='ocr_line' id='line_1_1' title="bbox 396 701 1044 763; baseline -0.006 -1"><span class='ocrx_word' id='word_1_1' title='bbox 396 701 463 763; x_wconf 77' lang='lat'><strong>354</strong></span> <span class='ocrx_word' id='word_1_2' title='bbox 713 715 873 760; x_wconf 74' lang='lat' dir='ltr'><strong>ornanum</strong></span> <span class='ocrx_word' id='word_1_3' title='bbox 892 715 1044 759; x_wconf 68' lang='lat' dir='ltr'><strong>siraconi</strong></span> 
     </span>
    </p>
   </div>
   <div class='ocr_carea' id='block_1_2' title="bbox 396 832 1364 1436">
    <p class='ocr_par' dir='ltr' id='par_1_2' title="bbox 396 832 1364 1436">
     <span class='ocr_line' id='line_1_2' title="bbox 397 832 1364 920; baseline -0.008 -18"><span class='ocrx_word' id='word_1_4' title='bbox 397 835 513 920; x_wconf 76' lang='lat' dir='ltr'><strong>fugias,</strong></span> <span class='ocrx_word' id='word_1_5' title='bbox 530 839 563 897; x_wconf 90' lang='lat' dir='ltr'><strong>et</strong></span> <span class='ocrx_word' id='word_1_6' title='bbox 583 840 678 898; x_wconf 87' lang='lat' dir='ltr'><strong>tuum</strong></span> <span class='ocrx_word' id='word_1_7' title='bbox 700 833 741 898; x_wconf 78' lang='lat' dir='ltr'><strong>ad</strong></span> <span class='ocrx_word' id='word_1_8' title='bbox 762 855 822 899; x_wconf 92' lang='lat' dir='ltr'><strong>nos</strong></span> <span class='ocrx_word' id='word_1_9' title='bbox 842 832 982 898; x_wconf 84' lang='lat' dir='ltr'><strong>reditum</strong></span> <span class='ocrx_word' id='word_1_10' title='bbox 1001 841 1166 898; x_wconf 82' lang='lat' dir='ltr'><strong>maturare</strong></span> <span class='ocrx_word' id='word_1_11' title='bbox 1181 855 1250 899; x_wconf 93' lang='lat' dir='ltr'><strong>non</strong></span> <span class='ocrx_word' id='word_1_12' title='bbox 1264 832 1364 896; x_wconf 90' lang='lat' dir='ltr'><strong>omit-</strong></span> 
     </span>
     <span class='ocr_line' id='line_1_3' title="bbox 396 935 1362 1022; baseline -0.006 -18"><span class='ocrx_word' id='word_1_13' title='bbox 396 949 457 1004; x_wconf 86' lang='lat' dir='ltr'><strong>tas.</strong></span> <span class='ocrx_word' id='word_1_14' title='bbox 502 938 673 1022; x_wconf 74' lang='lat' dir='ltr'><strong>Responde</strong></span> <span class='ocrx_word' id='word_1_15' title='bbox 689 937 816 1002; x_wconf 85' lang='lat' dir='ltr'><strong>veroin</strong></span> <span class='ocrx_word' id='word_1_16' title='bbox 831 938 949 1021; x_wconf 88' lang='lat' dir='ltr'><strong>quibus</strong></span> <span class='ocrx_word' id='word_1_17' title='bbox 964 945 999 1002; x_wconf 87' lang='lat' dir='ltr'><strong>te</strong></span> <span class='ocrx_word' id='word_1_18' title='bbox 1012 937 1207 1022; x_wconf 85' lang='lat' dir='ltr'><strong>impeditum</strong></span> <span class='ocrx_word' id='word_1_19' title='bbox 1221 935 1362 1012; x_wconf 85' lang='lat' dir='ltr'><strong>noveris,</strong></span> 
     </span>
     <span class='ocr_line' id='line_1_4' title="bbox 399 1039 1363 1125; baseline -0.005 -18"><span class='ocrx_word' id='word_1_20' title='bbox 399 1042 532 1124; x_wconf 84' lang='lat' dir='ltr'><strong>obliges,</strong></span> <span class='ocrx_word' id='word_1_21' title='bbox 548 1041 638 1105; x_wconf 86' lang='lat' dir='ltr'><strong>etad</strong></span> <span class='ocrx_word' id='word_1_22' title='bbox 653 1061 713 1104; x_wconf 90' lang='lat' dir='ltr'><strong>nos</strong></span> <span class='ocrx_word' id='word_1_23' title='bbox 728 1041 794 1106; x_wconf 85' lang='lat' dir='ltr'><strong>cito</strong></span> <span class='ocrx_word' id='word_1_24' title='bbox 808 1040 941 1105; x_wconf 85' lang='lat' dir='ltr'><strong>veniens</strong></span> <span class='ocrx_word' id='word_1_25' title='bbox 959 1041 1065 1125; x_wconf 90' lang='lat' dir='ltr'><strong>ipsum</strong></span> <span class='ocrx_word' id='word_1_26' title='bbox 1081 1039 1231 1124; x_wconf 83' lang='lat' dir='ltr'><strong>expedire</strong></span> <span class='ocrx_word' id='word_1_27' title='bbox 1251 1046 1285 1103; x_wconf 91' lang='lat' dir='ltr'><strong>et</strong></span> <span class='ocrx_word' id='word_1_28' title='bbox 1304 1039 1363 1102; x_wconf 88' lang='lat' dir='ltr'><strong>de·</strong></span> 
     </span>
     <span class='ocr_line' id='line_1_5' title="bbox 402 1142 1362 1210; baseline -0.005 0"><span class='ocrx_word' id='word_1_29' title='bbox 402 1145 479 1210; x_wconf 88' lang='lat' dir='ltr'><strong>bitis</strong></span> <span class='ocrx_word' id='word_1_30' title='bbox 502 1165 675 1210; x_wconf 85' lang='lat' dir='ltr'><strong>exonerare</strong></span> <span class='ocrx_word' id='word_1_31' title='bbox 696 1145 841 1210; x_wconf 83' lang='lat' dir='ltr'><strong>festines.</strong></span> <span class='ocrx_word' id='word_1_32' title='bbox 886 1144 945 1209; x_wconf 91' lang='lat' dir='ltr'><strong>Me</strong></span> <span class='ocrx_word' id='word_1_33' title='bbox 969 1167 1044 1209; x_wconf 87' lang='lat' dir='ltr'><strong>vero</strong></span> <span class='ocrx_word' id='word_1_34' title='bbox 1067 1143 1194 1209; x_wconf 88' lang='lat' dir='ltr'><strong>noveris</strong></span> <span class='ocrx_word' id='word_1_35' title='bbox 1214 1143 1250 1207; x_wconf 94' lang='lat' dir='ltr'><strong>in</strong></span> <span class='ocrx_word' id='word_1_36' title='bbox 1274 1142 1362 1206; x_wconf 90' lang='lat' dir='ltr'><strong>Nor-</strong></span> 
     </span>
     <span class='ocr_line' id='line_1_6' title="bbox 399 1245 1358 1326; baseline -0.004 -14"><span class='ocrx_word' id='word_1_37' title='bbox 399 1249 533 1313; x_wconf 88' lang='lat' dir='ltr'><strong>mannia</strong></span> <span class='ocrx_word' id='word_1_38' title='bbox 548 1247 654 1313; x_wconf 89' lang='lat' dir='ltr'><strong>adhuc</strong></span> <span class='ocrx_word' id='word_1_39' title='bbox 668 1269 793 1314; x_wconf 83' lang='lat' dir='ltr'><strong>morsm</strong></span> <span class='ocrx_word' id='word_1_40' title='bbox 804 1247 920 1326; x_wconf 83' lang='lat' dir='ltr'><strong>facere,</strong></span> <span class='ocrx_word' id='word_1_41' title='bbox 932 1255 966 1312; x_wconf 92' lang='lat' dir='ltr'><strong>et</strong></span> <span class='ocrx_word' id='word_1_42' title='bbox 981 1255 1077 1312; x_wconf 89' lang='lat' dir='ltr'><strong>tuum</strong></span> <span class='ocrx_word' id='word_1_43' title='bbox 1092 1247 1134 1310; x_wconf 90' lang='lat' dir='ltr'><strong>ad</strong></span> <span class='ocrx_word' id='word_1_44' title='bbox 1149 1269 1202 1312; x_wconf 89' lang='lat' dir='ltr'><strong>me</strong></span> <span class='ocrx_word' id='word_1_45' title='bbox 1216 1245 1358 1310; x_wconf 87' lang='lat' dir='ltr'><strong>reditum</strong></span> 
     </span>
     <span class='ocr_line' id='line_1_7' title="bbox 401 1351 1202 1436; baseline -0.004 -19"><span class='ocrx_word' id='word_1_46' title='bbox 401 1352 578 1436; x_wconf 72' lang='lat' dir='ltr'><strong>praestolari</strong></span> <span class='ocrx_word' id='word_1_47' title='bbox 593 1351 714 1436; x_wconf 82' lang='lat' dir='ltr'><strong>pariter</strong></span> <span class='ocrx_word' id='word_1_48' title='bbox 729 1357 762 1415; x_wconf 89' lang='lat' dir='ltr'><strong>et</strong></span> <span class='ocrx_word' id='word_1_49' title='bbox 777 1359 900 1436; x_wconf 86' lang='lat' dir='ltr'><strong>optare.</strong></span> <span class='ocrx_word' id='word_1_50' title='bbox 930 1352 1014 1415; x_wconf 88' lang='lat' dir='ltr'><strong>Vale</strong></span> <span class='ocrx_word' id='word_1_51' title='bbox 1028 1351 1202 1416; x_wconf 72' lang='lat' dir='ltr'><strong>carissime.</strong></span> 
     </span>
    </p>
   </div>
   <div class='ocr_carea' id='block_1_3' title="bbox 455 1652 1308 1821">
    <p class='ocr_par' dir='ltr' id='par_1_3' title="bbox 455 1652 1308 1821">
     <span class='ocr_line' id='line_1_8' title="bbox 455 1652 1308 1719; baseline -0.005 -1"><span class='ocrx_word' id='word_1_52' title='bbox 455 1654 675 1719; x_wconf 81' lang='lat' dir='ltr'><strong>EPIS&#39;POLA</strong></span> <span class='ocrx_word' id='word_1_53' title='bbox 699 1652 938 1719; x_wconf 67' lang='lat' dir='ltr'><strong>ccum-in</strong></span> <span class='ocrx_word' id='word_1_54' title='bbox 954 1673 989 1718; x_wconf 86' lang='lat' dir='ltr'><strong>n.</strong></span> <span class='ocrx_word' id='word_1_55' title='bbox 1007 1672 1170 1717; x_wconf 79' lang='lat' dir='ltr'><strong>ssnsrnu</strong></span> <span class='ocrx_word' id='word_1_56' title='bbox 1187 1671 1308 1715; x_wconf 83' lang='lat' dir='ltr'><strong>ssucrr</strong></span> 
     </span>
     <span class='ocr_line' id='line_1_9' title="bbox 798 1775 971 1821; baseline 0.012 -2"><span class='ocrx_word' id='word_1_57' title='bbox 798 1775 971 1821; x_wconf 75' lang='lat' dir='ltr'><strong>nonnum.</strong></span> 
     </span>
    </p>
   </div>
   <div class='ocr_carea' id='block_1_4' title="bbox 408 1903 1365 2178">
    <p class='ocr_par' dir='ltr' id='par_1_4' title="bbox 408 1903 1365 2178">
     <span class='ocr_line' id='line_1_10' title="bbox 408 1903 1365 1990; baseline -0.004 -18"><span class='ocrx_word' id='word_1_58' title='bbox 408 1911 446 1973; x_wconf 85' lang='lat' dir='ltr'><strong>G.</strong></span> <span class='ocrx_word' id='word_1_59' title='bbox 463 1909 524 1974; x_wconf 85' lang='lat' dir='ltr'><strong>Dei</strong></span> <span class='ocrx_word' id='word_1_60' title='bbox 540 1909 649 1990; x_wconf 73' lang='lat' dir='ltr'><strong>prelio</strong></span> <span class='ocrx_word' id='word_1_61' title='bbox 663 1907 888 1971; x_wconf 77' lang='lat' dir='ltr'><strong>Londooieseis</strong></span> <span class='ocrx_word' id='word_1_62' title='bbox 902 1909 1070 1990; x_wconf 80' lang='lat' dir='ltr'><strong>episcopor,</strong></span> <span class='ocrx_word' id='word_1_63' title='bbox 1085 1905 1253 1970; x_wconf 72' lang='lat' dir='ltr'><strong>oooerobili</strong></span> <span class='ocrx_word' id='word_1_64' title='bbox 1259 1903 1365 1987; x_wconf 76' lang='lat' dir='ltr'><strong>fratri</strong></span> 
     </span>
     <span class='ocr_line' id='line_1_11' title="bbox 447 2009 1362 2085; baseline -0.004 -9"><span class='ocrx_word' id='word_1_65' title='bbox 447 2019 477 2076; x_wconf 86' lang='lat' dir='ltr'><strong>et</strong></span> <span class='ocrx_word' id='word_1_66' title='bbox 501 2013 599 2075; x_wconf 84' lang='lat' dir='ltr'><strong>emico</strong></span> <span class='ocrx_word' id='word_1_67' title='bbox 623 2011 665 2074; x_wconf 87' lang='lat' dir='ltr'><strong>H.</strong></span> <span class='ocrx_word' id='word_1_68' title='bbox 692 2011 795 2074; x_wconf 79' lang='lat' dir='ltr'><strong>sancti</strong></span> <span class='ocrx_word' id='word_1_69' title='bbox 818 2009 978 2074; x_wconf 76' lang='lat' dir='ltr'><strong>Edmundi</strong></span> <span class='ocrx_word' id='word_1_70' title='bbox 1002 2009 1110 2073; x_wconf 71' lang='lat' dir='ltr'><strong>ahtau</strong></span> <span class='ocrx_word' id='word_1_71' title='bbox 1134 2016 1165 2072; x_wconf 82' lang='lat' dir='ltr'><strong>et</strong></span> <span class='ocrx_word' id='word_1_72' title='bbox 1190 2009 1362 2085; x_wconf 61' lang='lat' dir='ltr'><strong>moue,</strong></span> 
     </span>
     <span class='ocr_line' id='line_1_12' title="bbox 447 2116 589 2178; baseline -0.014 0"><span class='ocrx_word' id='word_1_73' title='bbox 447 2116 589 2178; x_wconf 78' lang='lat' dir='ltr'><strong>salutern</strong></span> 
     </span>
    </p>
   </div>
   <div class='ocr_carea' id='block_1_5' title="bbox 405 2263 1364 2452">
    <p class='ocr_par' dir='ltr' id='par_1_5' title="bbox 405 2263 1364 2452">
     <span class='ocr_line' id='line_1_13' title="bbox 449 2263 1364 2349; baseline -0.002 -21"><span class='ocrx_word' id='word_1_74' title='bbox 449 2263 535 2329; x_wconf 78' lang='lat' dir='ltr'><strong>Qun</strong></span> <span class='ocrx_word' id='word_1_75' title='bbox 556 2263 592 2327; x_wconf 92' lang='lat' dir='ltr'><strong>in</strong></span> <span class='ocrx_word' id='word_1_76' title='bbox 614 2271 726 2328; x_wconf 86' lang='lat' dir='ltr'><strong>nostro</strong></span> <span class='ocrx_word' id='word_1_77' title='bbox 749 2269 911 2347; x_wconf 81' lang='lat' dir='ltr'><strong>geruntur</strong></span> <span class='ocrx_word' id='word_1_78' title='bbox 932 2265 1112 2349; x_wconf 70' lang='lat' dir='ltr'><strong>presentia,</strong></span> <span class='ocrx_word' id='word_1_79' title='bbox 1135 2264 1195 2327; x_wconf 84' lang='lat' dir='ltr'><strong>tali</strong></span> <span class='ocrx_word' id='word_1_80' title='bbox 1215 2263 1364 2327; x_wconf 85' lang='lat' dir='ltr'><strong>volomus</strong></span> 
     </span>
     <span class='ocr_line' id='line_1_14' title="bbox 405 2365 1364 2452; baseline -0.002 -20"><span class='ocrx_word' id='word_1_81' title='bbox 405 2366 559 2432; x_wconf 87' lang='lat' dir='ltr'><strong>firmitate</strong></span> <span class='ocrx_word' id='word_1_82' title='bbox 588 2365 742 2446; x_wconf 83' lang='lat' dir='ltr'><strong>roborari,</strong></span> <span class='ocrx_word' id='word_1_83' title='bbox 772 2388 816 2431; x_wconf 91' lang='lat' dir='ltr'><strong>ne</strong></span> <span class='ocrx_word' id='word_1_84' title='bbox 844 2366 1038 2452; x_wconf 82' lang='lat' dir='ltr'><strong>prudentius</strong></span> <span class='ocrx_word' id='word_1_85' title='bbox 1066 2367 1225 2446; x_wconf 78' lang='lat' dir='ltr'><strong>ordinata,</strong></span> <span class='ocrx_word' id='word_1_86' title='bbox 1255 2366 1364 2449; x_wconf 80' lang='lat' dir='ltr'><strong>eliqua</strong></span> 
     </span>
    </p>
   </div>
   <div class='ocr_carea' id='block_1_6' title="bbox 406 2467 1365 4086">
    <p class='ocr_par' dir='ltr' id='par_1_6' title="bbox 406 2467 1365 4086">
     <span class='ocr_line' id='line_1_15' title="bbox 406 2467 1363 2554; baseline -0.002 -20"><span class='ocrx_word' id='word_1_87' title='bbox 406 2470 657 2554; x_wconf 73' lang='lat' dir='ltr'><strong>malignantium</strong></span> <span class='ocrx_word' id='word_1_88' title='bbox 686 2470 895 2554; x_wconf 86' lang='lat' dir='ltr'><strong>perversitate</strong></span> <span class='ocrx_word' id='word_1_89' title='bbox 923 2471 1049 2554; x_wconf 75' lang='lat' dir='ltr'><strong>possint</strong></span> <span class='ocrx_word' id='word_1_90' title='bbox 1074 2470 1220 2534; x_wconf 88' lang='lat' dir='ltr'><strong>convelli.</strong></span> <span class='ocrx_word' id='word_1_91' title='bbox 1265 2467 1363 2533; x_wconf 90' lang='lat' dir='ltr'><strong>Unde</strong></span> 
     </span>
     <span class='ocr_line' id='line_1_16' title="bbox 406 2572 1363 2650; baseline -0.001 -13"><span class='ocrx_word' id='word_1_92' title='bbox 406 2580 520 2638; x_wconf 86' lang='lat' dir='ltr'><strong>vestrae</strong></span> <span class='ocrx_word' id='word_1_93' title='bbox 540 2572 771 2636; x_wconf 81' lang='lat' dir='ltr'><strong>innotescimus</strong></span> <span class='ocrx_word' id='word_1_94' title='bbox 790 2573 1002 2650; x_wconf 75' lang='lat' dir='ltr'><strong>universitati,</strong></span> <span class='ocrx_word' id='word_1_95' title='bbox 1024 2594 1083 2637; x_wconf 90' lang='lat' dir='ltr'><strong>nos</strong></span> <span class='ocrx_word' id='word_1_96' title='bbox 1104 2573 1166 2637; x_wconf 88' lang='lat' dir='ltr'><strong>snb</strong></span> <span class='ocrx_word' id='word_1_97' title='bbox 1185 2572 1363 2636; x_wconf 87' lang='lat' dir='ltr'><strong>multorum</strong></span> 
     </span>
     <span class='ocr_line' id='line_1_17' title="bbox 407 2666 1364 2760; baseline -0.003 -19"><span class='ocrx_word' id='word_1_98' title='bbox 407 2676 579 2760; x_wconf 78' lang='lat' dir='ltr'><strong>praesentis</strong></span> <span class='ocrx_word' id='word_1_99' title='bbox 603 2674 784 2758; x_wconf 75' lang='lat' dir='ltr'><strong>Reginaldo</strong></span> <span class='ocrx_word' id='word_1_100' title='bbox 807 2675 924 2739; x_wconf 84' lang='lat' dir='ltr'><strong>clerico</strong></span> <span class='ocrx_word' id='word_1_101' title='bbox 947 2673 989 2739; x_wconf 89' lang='lat' dir='ltr'><strong>de</strong></span> <span class='ocrx_word' id='word_1_102' title='bbox 1012 2666 1141 2740; x_wconf 75' lang='lat' dir='ltr'><strong>Cotona</strong></span> <span class='ocrx_word' id='word_1_103' title='bbox 1164 2675 1364 2740; x_wconf 86' lang='lat' dir='ltr'><strong>instrumen-</strong></span> 
     </span>
     <span class='ocr_line' id='line_1_18' title="bbox 406 2777 1364 2865; baseline 0 -23"><span class='ocrx_word' id='word_1_104' title='bbox 406 2784 480 2843; x_wconf 90' lang='lat' dir='ltr'><strong>tum</strong></span> <span class='ocrx_word' id='word_1_105' title='bbox 505 2777 730 2842; x_wconf 89' lang='lat' dir='ltr'><strong>authenticum</strong></span> <span class='ocrx_word' id='word_1_106' title='bbox 756 2777 950 2861; x_wconf 84' lang='lat' dir='ltr'><strong>exposuisse,</strong></span> <span class='ocrx_word' id='word_1_107' title='bbox 976 2799 1041 2862; x_wconf 89' lang='lat' dir='ltr'><strong>quo</strong></span> <span class='ocrx_word' id='word_1_108' title='bbox 1066 2777 1232 2843; x_wconf 88' lang='lat' dir='ltr'><strong>intervos</strong></span> <span class='ocrx_word' id='word_1_109' title='bbox 1258 2779 1364 2865; x_wconf 88' lang='lat' dir='ltr'><strong>pactio</strong></span> 
     </span>
     <span class='ocr_line' id='line_1_19' title="bbox 407 2879 1363 2966; baseline -0.001 -20"><span class='ocrx_word' id='word_1_110' title='bbox 407 2903 501 2966; x_wconf 88' lang='lat' dir='ltr'><strong>super</strong></span> <span class='ocrx_word' id='word_1_111' title='bbox 515 2881 648 2946; x_wconf 80' lang='lat' dir='ltr'><strong>ecelesia</strong></span> <span class='ocrx_word' id='word_1_112' title='bbox 663 2879 703 2946; x_wconf 92' lang='lat' dir='ltr'><strong>de</strong></span> <span class='ocrx_word' id='word_1_113' title='bbox 719 2881 845 2946; x_wconf 85' lang='lat' dir='ltr'><strong>Cotona</strong></span> <span class='ocrx_word' id='word_1_114' title='bbox 859 2882 1046 2946; x_wconf 72' lang='lat' dir='ltr'><strong>continetur</strong></span> <span class='ocrx_word' id='word_1_115' title='bbox 1064 2882 1196 2946; x_wconf 85' lang='lat' dir='ltr'><strong>inserta.</strong></span> <span class='ocrx_word' id='word_1_116' title='bbox 1243 2881 1363 2966; x_wconf 83' lang='lat' dir='ltr'><strong>Requi-</strong></span> 
     </span>
     <span class='ocr_line' id='line_1_20' title="bbox 407 2979 1364 3069; baseline 0 -21"><span class='ocrx_word' id='word_1_117' title='bbox 407 2991 516 3050; x_wconf 89' lang='lat' dir='ltr'><strong>rentes</strong></span> <span class='ocrx_word' id='word_1_118' title='bbox 541 2985 643 3069; x_wconf 86' lang='lat' dir='ltr'><strong>igitur</strong></span> <span class='ocrx_word' id='word_1_119' title='bbox 668 3006 776 3049; x_wconf 89' lang='lat' dir='ltr'><strong>coram</strong></span> <span class='ocrx_word' id='word_1_120' title='bbox 802 2984 954 3049; x_wconf 90' lang='lat' dir='ltr'><strong>omnibus</strong></span> <span class='ocrx_word' id='word_1_121' title='bbox 976 2985 1017 3048; x_wconf 89' lang='lat' dir='ltr'><strong>ab</strong></span> <span class='ocrx_word' id='word_1_122' title='bbox 1039 2979 1153 3050; x_wconf 86' lang='lat' dir='ltr'><strong>eodem</strong></span> <span class='ocrx_word' id='word_1_123' title='bbox 1176 2985 1217 3048; x_wconf 84' lang='lat' dir='ltr'><strong>R.</strong></span> <span class='ocrx_word' id='word_1_124' title='bbox 1241 2985 1269 3049; x_wconf 93' lang='lat' dir='ltr'><strong>si</strong></span> <span class='ocrx_word' id='word_1_125' title='bbox 1292 3005 1364 3069; x_wconf 84' lang='lat' dir='ltr'><strong>quoe</strong></span> 
     </span>
     <span class='ocr_line' id='line_1_21' title="bbox 406 3086 1364 3172; baseline 0.001 -20"><span class='ocrx_word' id='word_1_126' title='bbox 406 3089 527 3171; x_wconf 85' lang='lat' dir='ltr'><strong>scripta</strong></span> <span class='ocrx_word' id='word_1_127' title='bbox 545 3087 675 3152; x_wconf 78' lang='lat' dir='ltr'><strong>fuerent</strong></span> <span class='ocrx_word' id='word_1_128' title='bbox 695 3087 845 3152; x_wconf 88' lang='lat' dir='ltr'><strong>omnibus</strong></span> <span class='ocrx_word' id='word_1_129' title='bbox 866 3086 1055 3172; x_wconf 85' lang='lat' dir='ltr'><strong>praebuisset</strong></span> <span class='ocrx_word' id='word_1_130' title='bbox 1075 3109 1253 3165; x_wconf 76' lang='lat' dir='ltr'><strong>assensum,</strong></span> <span class='ocrx_word' id='word_1_131' title='bbox 1274 3109 1364 3153; x_wconf 88' lang='lat' dir='ltr'><strong>acce·</strong></span> 
     </span>
     <span class='ocr_line' id='line_1_22' title="bbox 406 3191 1364 3277; baseline 0 -22"><span class='ocrx_word' id='word_1_132' title='bbox 406 3191 513 3277; x_wconf 86' lang='lat' dir='ltr'><strong>pimus</strong></span> <span class='ocrx_word' id='word_1_133' title='bbox 536 3192 576 3257; x_wconf 89' lang='lat' dir='ltr'><strong>ab</strong></span> <span class='ocrx_word' id='word_1_134' title='bbox 599 3192 669 3276; x_wconf 87' lang='lat' dir='ltr'><strong>ejus</strong></span> <span class='ocrx_word' id='word_1_135' title='bbox 691 3213 855 3276; x_wconf 88' lang='lat' dir='ltr'><strong>responso,</strong></span> <span class='ocrx_word' id='word_1_136' title='bbox 878 3191 1056 3256; x_wconf 89' lang='lat' dir='ltr'><strong>secundum</strong></span> <span class='ocrx_word' id='word_1_137' title='bbox 1077 3191 1290 3256; x_wconf 82' lang='lat' dir='ltr'><strong>instrumenti</strong></span> <span class='ocrx_word' id='word_1_138' title='bbox 1315 3198 1364 3255; x_wconf 88' lang='lat' dir='ltr'><strong>te-</strong></span> 
     </span>
     <span class='ocr_line' id='line_1_23' title="bbox 408 3295 1363 3380; baseline -0.003 -19"><span class='ocrx_word' id='word_1_139' title='bbox 408 3316 520 3361; x_wconf 85' lang='lat' dir='ltr'><strong>norem</strong></span> <span class='ocrx_word' id='word_1_140' title='bbox 550 3295 612 3360; x_wconf 88' lang='lat' dir='ltr'><strong>sibi</strong></span> <span class='ocrx_word' id='word_1_141' title='bbox 641 3295 751 3360; x_wconf 89' lang='lat' dir='ltr'><strong>omnia</strong></span> <span class='ocrx_word' id='word_1_142' title='bbox 778 3295 1017 3380; x_wconf 85' lang='lat' dir='ltr'><strong>complacuisse.</strong></span> <span class='ocrx_word' id='word_1_143' title='bbox 1061 3296 1107 3360; x_wconf 83' lang='lat' dir='ltr'><strong>Et</strong></span> <span class='ocrx_word' id='word_1_144' title='bbox 1135 3295 1177 3359; x_wconf 89' lang='lat' dir='ltr'><strong>ad</strong></span> <span class='ocrx_word' id='word_1_145' title='bbox 1202 3295 1363 3360; x_wconf 87' lang='lat' dir='ltr'><strong>cautelam</strong></span> 
     </span>
     <span class='ocr_line' id='line_1_24' title="bbox 409 3398 1365 3482; baseline -0.004 -18"><span class='ocrx_word' id='word_1_146' title='bbox 409 3398 631 3464; x_wconf 83' lang='lat' dir='ltr'><strong>abundantem</strong></span> <span class='ocrx_word' id='word_1_147' title='bbox 653 3398 883 3482; x_wconf 87' lang='lat' dir='ltr'><strong>jusjurandum</strong></span> <span class='ocrx_word' id='word_1_148' title='bbox 909 3399 1005 3464; x_wconf 87' lang='lat' dir='ltr'><strong>tactis</strong></span> <span class='ocrx_word' id='word_1_149' title='bbox 1031 3399 1243 3463; x_wconf 61' lang='lat' dir='ltr'><strong>sacrosancta</strong></span> <span class='ocrx_word' id='word_1_150' title='bbox 1268 3419 1365 3462; x_wconf 83' lang='lat' dir='ltr'><strong>even·</strong></span> 
     </span>
     <span class='ocr_line' id='line_1_25' title="bbox 408 3499 1365 3587; baseline 0 -23"><span class='ocrx_word' id='word_1_151' title='bbox 408 3500 510 3584; x_wconf 85' lang='lat' dir='ltr'><strong>geliis,</strong></span> <span class='ocrx_word' id='word_1_152' title='bbox 526 3503 638 3566; x_wconf 90' lang='lat' dir='ltr'><strong>eodem</strong></span> <span class='ocrx_word' id='word_1_153' title='bbox 656 3499 700 3564; x_wconf 90' lang='lat' dir='ltr'><strong>H.</strong></span> <span class='ocrx_word' id='word_1_154' title='bbox 717 3509 858 3585; x_wconf 89' lang='lat' dir='ltr'><strong>petente,</strong></span> <span class='ocrx_word' id='word_1_155' title='bbox 874 3501 1083 3587; x_wconf 86' lang='lat' dir='ltr'><strong>suscepimus,</strong></span> <span class='ocrx_word' id='word_1_156' title='bbox 1099 3502 1186 3585; x_wconf 92' lang='lat' dir='ltr'><strong>qnod</strong></span> <span class='ocrx_word' id='word_1_157' title='bbox 1201 3499 1365 3565; x_wconf 83' lang='lat' dir='ltr'><strong>bonafide</strong></span> 
     </span>
     <span class='ocr_line' id='line_1_26' title="bbox 409 3603 1365 3690; baseline 0.002 -23"><span class='ocrx_word' id='word_1_158' title='bbox 409 3603 587 3667; x_wconf 87' lang='lat' dir='ltr'><strong>secundum</strong></span> <span class='ocrx_word' id='word_1_159' title='bbox 610 3606 696 3688; x_wconf 88' lang='lat' dir='ltr'><strong>quod</strong></span> <span class='ocrx_word' id='word_1_160' title='bbox 719 3612 913 3671; x_wconf 86' lang='lat' dir='ltr'><strong>convenerat</strong></span> <span class='ocrx_word' id='word_1_161' title='bbox 935 3615 969 3671; x_wconf 90' lang='lat' dir='ltr'><strong>et</strong></span> <span class='ocrx_word' id='word_1_162' title='bbox 993 3607 1111 3690; x_wconf 89' lang='lat' dir='ltr'><strong>scripto</strong></span> <span class='ocrx_word' id='word_1_163' title='bbox 1133 3607 1241 3670; x_wconf 86' lang='lat' dir='ltr'><strong>fuerat</strong></span> <span class='ocrx_word' id='word_1_164' title='bbox 1262 3607 1365 3670; x_wconf 89' lang='lat' dir='ltr'><strong>inser-</strong></span> 
     </span>
     <span class='ocr_line' id='line_1_27' title="bbox 408 3705 1365 3792; baseline 0.002 -22"><span class='ocrx_word' id='word_1_165' title='bbox 408 3715 490 3784; x_wconf 90' lang='lat' dir='ltr'><strong>tum,</strong></span> <span class='ocrx_word' id='word_1_166' title='bbox 514 3705 743 3772; x_wconf 88' lang='lat' dir='ltr'><strong>inviolabiliter</strong></span> <span class='ocrx_word' id='word_1_167' title='bbox 765 3708 959 3774; x_wconf 83' lang='lat' dir='ltr'><strong>observaret.</strong></span> <span class='ocrx_word' id='word_1_168' title='bbox 1004 3710 1058 3774; x_wconf 89' lang='lat' dir='ltr'><strong>Ne</strong></span> <span class='ocrx_word' id='word_1_169' title='bbox 1083 3709 1145 3773; x_wconf 91' lang='lat' dir='ltr'><strong>hoc</strong></span> <span class='ocrx_word' id='word_1_170' title='bbox 1169 3709 1271 3792; x_wconf 83' lang='lat' dir='ltr'><strong>igitur</strong></span> <span class='ocrx_word' id='word_1_171' title='bbox 1295 3717 1365 3772; x_wconf 88' lang='lat' dir='ltr'><strong>tam</strong></span> 
     </span>
     <span class='ocr_line' id='line_1_28' title="bbox 411 3809 1365 3897; baseline 0 -23"><span class='ocrx_word' id='word_1_172' title='bbox 411 3809 587 3875; x_wconf 88' lang='lat' dir='ltr'><strong>solenniter</strong></span> <span class='ocrx_word' id='word_1_173' title='bbox 607 3818 716 3876; x_wconf 88' lang='lat' dir='ltr'><strong>actum</strong></span> <span class='ocrx_word' id='word_1_174' title='bbox 736 3811 772 3876; x_wconf 90' lang='lat' dir='ltr'><strong>in</strong></span> <span class='ocrx_word' id='word_1_175' title='bbox 792 3813 927 3877; x_wconf 88' lang='lat' dir='ltr'><strong>dubium</strong></span> <span class='ocrx_word' id='word_1_176' title='bbox 947 3821 1113 3878; x_wconf 87' lang='lat' dir='ltr'><strong>revocetur</strong></span> <span class='ocrx_word' id='word_1_177' title='bbox 1131 3813 1167 3876; x_wconf 93' lang='lat' dir='ltr'><strong>in</strong></span> <span class='ocrx_word' id='word_1_178' title='bbox 1188 3820 1365 3897; x_wconf 88' lang='lat' dir='ltr'><strong>posterum,</strong></span> 
     </span>
     <span class='ocr_line' id='line_1_29' title="bbox 410 3914 1365 4000; baseline 0.001 -20"><span class='ocrx_word' id='word_1_179' title='bbox 410 3914 577 3999; x_wconf 84' lang='lat' dir='ltr'><strong>praesentis</strong></span> <span class='ocrx_word' id='word_1_180' title='bbox 592 3915 703 4000; x_wconf 89' lang='lat' dir='ltr'><strong>scripti</strong></span> <span class='ocrx_word' id='word_1_181' title='bbox 718 3916 927 3981; x_wconf 86' lang='lat' dir='ltr'><strong>attestatione</strong></span> <span class='ocrx_word' id='word_1_182' title='bbox 946 3924 981 3980; x_wconf 90' lang='lat' dir='ltr'><strong>et</strong></span> <span class='ocrx_word' id='word_1_183' title='bbox 1000 3917 1098 4000; x_wconf 85' lang='lat' dir='ltr'><strong>sigilli</strong></span> <span class='ocrx_word' id='word_1_184' title='bbox 1117 3916 1221 3982; x_wconf 87' lang='lat' dir='ltr'><strong>nostri</strong></span> <span class='ocrx_word' id='word_1_185' title='bbox 1240 3915 1365 4000; x_wconf 88' lang='lat' dir='ltr'><strong>apposi-</strong></span> 
     </span>
     <span class='ocr_line' id='line_1_30' title="bbox 409 4020 1150 4086; baseline 0.001 -3"><span class='ocrx_word' id='word_1_186' title='bbox 409 4020 498 4084; x_wconf 87' lang='lat' dir='ltr'><strong>tione</strong></span> <span class='ocrx_word' id='word_1_187' title='bbox 513 4020 760 4084; x_wconf 89' lang='lat' dir='ltr'><strong>communimus.</strong></span> <span class='ocrx_word' id='word_1_188' title='bbox 808 4020 870 4084; x_wconf 90' lang='lat' dir='ltr'><strong>His</strong></span> <span class='ocrx_word' id='word_1_189' title='bbox 884 4020 1023 4086; x_wconf 86' lang='lat' dir='ltr'><strong>testibus</strong></span> <span class='ocrx_word' id='word_1_190' title='bbox 1040 4070 1150 4086; x_wconf 92' lang='grc'>.....</span> 
     </span>
    </p>
   </div>
   <div class='ocr_carea' id='block_1_7' title="bbox 0 0 1626 5192">
    <p class='ocr_par' dir='ltr' id='par_1_7' title="bbox 0 0 1626 5192">
     <span class='ocr_line' id='line_1_31' title="bbox 0 0 1626 5192; baseline 0 0"><span class='ocrx_word' id='word_1_191' title='bbox 0 0 1626 5192; x_wconf 95' lang='lat' dir='ltr'><strong> </strong></span> 
     </span>
    </p>
   </div>
  </div>
 </body>
</html>
