3225 5192
271 704 557 787 aalma-61]
608 722 1099 767 aaaaroaurassrsnrrsronn.
1164 703 1224 769 191

270 838 481 918 adverteritis,
496 837 586 902 unde
599 858 734 922 precum
746 836 922 901 falsitatem
937 858 1072 921 arguere
1085 839 1227 923 possitis,

273 942 447 1029 arguendae
460 941 595 1007 falsitati
608 939 776 1019 insistatis,
792 946 825 1005 et
844 961 903 1024 per
920 939 1008 1024 leges
1023 940 1094 1026 jam
1112 964 1228 1027 propo-

272 1049 351 1112 sitas
367 1046 512 1132 judicem
527 1044 706 1110 secundum
719 1064 775 1108 vos
795 1043 1005 1127 pronuntiare
1019 1046 1228 1129 compellatis.

274 1150 373 1217 Quod
396 1149 424 1214 si
447 1147 488 1212 ad
513 1148 760 1232 appellationem
782 1146 957 1230 confugere
978 1148 1152 1213 necessitas
1175 1170 1229 1214 cx·

273 1262 379 1320 trema
398 1252 584 1331 decreverit,
603 1273 700 1337 super
719 1252 781 1315 hoc
801 1250 890 1316 aliud
909 1271 977 1315 non
996 1253 1145 1332 coemit,
1166 1251 1230 1317 nisi

275 1355 363 1440 quod
377 1355 414 1419 in
429 1354 565 1439 septimo
581 1352 708 1418 Codicis
722 1352 915 1430 invenimus,
930 1354 1007 1437 quia
1023 1362 1057 1419 et
1075 1356 1111 1419 in
1129 1356 1231 1440 majo·

275 1460 366 1524 ribus
388 1466 422 1523 et
444 1458 480 1522 in
501 1457 681 1523 minoribus
696 1456 837 1540 negotiis
851 1456 1011 1537 omuibus,
1027 1458 1146 1543 quique
1158 1460 1231 1544 loge

276 1562 482 1647 excipiuntur
496 1560 679 1646 appellandi
693 1559 830 1625 facultas
848 1567 907 1624 est.
952 1560 1051 1626 Unde
1070 1570 1104 1627 et
1122 1562 1159 1627 iu
1178 1584 1231 1628 eo-

276 1666 351 1730 dem
381 1664 509 1729 Codicis
537 1662 722 1728 Alexander
750 1663 939 1746 Augustust
969 1663 1121 1729 ‘Novum
1146 1664 1233 1750 quod

275 1768 430 1854 postulas,
446 1788 515 1831 non
529 1774 588 1846 est,
605 1764 692 1850 quod
711 1772 745 1831 et
765 1766 792 1830 si
810 1764 959 1850 rescripti
976 1768 1041 1832 moi
1058 1768 1233 1835 auctoritas

276 1870 504 1949 intercesserit,
519 1868 713 1953 provocandi
730 1876 844 1934 tamen
858 1869 994 1935 facultas
1012 1892 1074 1937 nec
1093 1872 1232 1957 denege-

276 1974 354 2039 tur.'
398 1973 470 2039 Nos
494 1979 608 2037 tamen
632 1993 694 2037 nec
720 1994 755 2037 os
780 1979 938 2056 ponentes
961 1974 999 2038 iu
1023 1974 1148 2056 caelum
1171 1996 1233 2042 nec

277 2078 433 2162 scriptum
461 2076 584 2141 domini
608 2096 699 2160 papae
725 2075 872 2159 judicare
896 2087 1138 2161 presumentes,
1164 2100 1234 2145 nun

278 2180 358 2264 quid
379 2181 420 2245 de
438 2180 512 2265 juro
534 2178 697 2264 agendum
720 2178 762 2244 sit
784 2180 826 2244 ad
846 2202 997 2265 presens,
1017 2182 1075 2247 sed
1093 2182 1180 2267 quod
1196 2185 1234 2249 in

277 2282 466 2369 hujusmodi
483 2304 561 2347 casu
578 2302 748 2366 agerem
768 2284 984 2368 exposuimus.
1027 2285 1132 2370 Leges
1146 2295 1234 2352 certe

279 2386 492 2472 promulgatae
512 2392 599 2465 sunt,
616 2406 753 2470 quornm
775 2393 809 2451 et
829 2386 866 2451 in
888 2387 1014 2470 quibus*
1025 2389 1162 2469 casibus,
1178 2412 1233 2475 ap-

278 2490 469 2575 pellationes
484 2488 584 2574 recipi
598 2509 666 2554 non
680 2495 839 2574 oporteat.
883 2491 1032 2558 Quarum
1053 2514 1113 2557 nos
1133 2514 1234 2578 quum

279 2594 371 2659 nulla
388 2599 538 2676 taugeret
558 2598 614 2658 aut
635 2598 773 2673 notaret,
790 2594 953 2677 adipsum
966 2593 1080 2678 utique
1094 2598 1234 2680 appella-

279 2718 398 2776 remus,
429 2716 526 2780 quem
555 2696 644 2761 omui
673 2696 886 2781 suscipiendae
915 2696 1132 2781 appellationi,
1163 2720 1235 2783 quae

278 2800 351 2882 lege
375 2820 444 2863 non
469 2799 636 2883 ancipitum,
665 2798 846 2865 debitorem
872 2800 985 2883 utique
1007 2822 1076 2865 non
1099 2801 1235 2886 ambigi·

280 2924 364 2968 mus.
401 2902 528 2981 Valeat,
544 2909 577 2967 et
591 2902 629 2965 in
643 2903 759 2987 spiritu
774 2903 899 2968 consilii
913 2902 1021 2968 videat
1036 2904 1122 2987 quod
1135 2926 1234 2989 agen·

280 3006 359 3071 dnm
373 3012 433 3086 cst,
448 3005 599 3072 dominus
613 3027 705 3072 meus
720 3005 756 3080 in
771 3006 902 3072 Christo
916 3006 1111 3072 mamus.

330 3326 551 3392 EPISTOLA
573 3326 946 3393 CXLV.—¹rnaosanu1
963 3350 1062 3397 esur.
1078 3353 1183 3399 saca.

557 3452 662 3495 arna.
680 3452 727 3494 au
742 3452 952 3499 u1nssarun.

288 3580 477 3645 theobaldus
493 3580 559 3645 Dei
575 3582 685 3664 pratia
703 3583 937 3648 Cumauam
957 3587 1091 3651 ecclesia
1111 3589 1237 3655 humilia

326 3685 476 3762 minator,
490 3684 658 3747 caecati
671 3684 777 3766 fratri
794 3688 833 3750 G.
849 3688 954 3751 ecdem
965 3692 1074 3772 pratia
1088 3691 1236 3775 Hercsor·

327 3788 427 3851 dissui
440 3788 591 3869 episcopo,
607 3790 747 3851 sudden.

328 3936 435 4003 Quare
448 3938 490 4001 sit
500 3937 616 4002 nobilis
631 3943 665 4002 et
678 3938 802 4003 famosa
816 3961 882 4024 prce
896 3940 1020 4006 caeteris
1029 3943 1123 4028 regni
1137 3943 1236 4030 hujus

284 4039 466 4104 civitatibus
486 4040 596 4105 civitas
616 4041 804 4122 Londoniae,
827 4043 909 4106 nulli
926 4052 1075 4110 nostrum
1091 4048 1236 4131 incogni-

284 4150 356 4207 tum
371 4149 429 4221 est,
445 4143 481 4207 in
496 4165 560 4227 qua
574 4144 721 4209 videlicet
737 4144 778 4210 ob
793 4144 923 4230 publica
940 4148 1034 4233 regni
1052 4150 1185 4231 negotia
1203 4161 1237 4213 et
1374 4188 1379 4197 ·

164 4253 167 4257 ’
284 4243 407 4309 domini
431 4245 516 4329 regis
542 4247 740 4313 conversatio
765 4256 799 4315 et
824 4270 994 4333 procerum
1017 4250 1111 4333 regni
1136 4249 1237 4315 soleat

283 4347 482 4431 frequentior
503 4369 572 4415 esse
593 4356 781 4417 conventus.
827 4351 912 4417 Inde
926 4360 986 4432 est,
1002 4352 1089 4436 quod
1103 4352 1237 4418 ccclesia
