3225 5192
270 690 339 739 mu.
357 668 555 753 11392-48]
606 689 818 735 orocnsrurn
834 690 1008 736 rrrsnonrr.
1179 676 1226 739 65

263 800 1225 888 Oportetenim,sicutsen‘psistis,utpossessioncm,dequo
1314 870 1318 880 ,

270 904 475 983 contenditis,
488 903 653 969 monachis
668 904 709 971 de
725 906 890 971 Goldclive
909 907 1069 991 usquead
1082 908 1224 973 reditum
1259 930 1265 944 ·

271 1006 393 1071 domini
427 1006 656 1091 archiepiscopi
684 1008 874 1077 inconcusse
903 1009 1084 1089 dimittetis,
1115 1011 1224 1095 eisque

269 1130 380 1193 Ρὸθθῑῠ
406 1110 538 1175 interim
564 1111 605 1177 de
630 1117 746 1175 ceetero
771 1111 956 1177 observetis.
1002 1113 1119 1199 Sicque
1147 1115 1223 1179 fuci·
1322 1132 1330 1147 ·

270 1211 363 1291 endo,
376 1219 409 1276 et
420 1213 563 1297 judicem
578 1213 724 1297 poteritis
739 1214 859 1280 habere
872 1215 1058 1301 propitium,
1074 1223 1107 1281 et
1122 1239 1223 1301 quum

221 1386 244 1408 ..
270 1314 311 1379 ad
334 1336 463 1379 causum
486 1316 610 1400 accingi
631 1317 819 1400 oportuerit,
842 1318 958 1383 melius
981 1320 1100 1404 poterit
1123 1320 1222 1385 reior-
1314 1344 1318 1354 ¹

270 1417 350 1482 meri
365 1418 542 1503 negotium.
572 1418 697 1483 Volete.

270 1722 490 1789 EPISTOLA
512 1724 765 1790 xmus-sn
782 1745 938 1790 rurorrrr
954 1746 996 1790 rr
1011 1746 1160 1792 returns
1176 1748 1219 1791 un

643 1848 844 1892 oonncnrvn.

269 1980 383 2044 Frater
400 1981 437 2043 G.
456 1982 633 2045 Glocestriae
655 1982 758 2045 dictus
779 1982 884 2060 abbas,
905 1982 1027 2046 dilectis
1047 1984 1082 2045 in
1098 1978 1221 2047 Christo

301 2082 462 2166 fratribus
477 2086 598 2149 domino
606 2086 712 2167 priori
727 2086 765 2149 de
782 2086 948 2164 Goldclioe,
964 2086 1220 2168 ceterisquesro-
1245 2083 1251 2092 ’

309 2186 417 2266 tribio,
432 2188 608 2251 salutemet
623 2189 825 2252 dilectum.

309 2340 395 2403 Psor
411 2344 526 2405 vestrae
547 2348 580 2405 et
603 2340 704 2426 quieti
726 2341 860 2405 sollicite
881 2340 1050 2426 providens
1070 2339 1219 2407 dominus

267 2442 530 2528 archiepiscopus,
546 2442 634 2508 vobis
648 2443 736 2509 istud
750 2465 808 2528 per
822 2465 874 2509 me
888 2444 1071 2523 denuntiet,
1086 2451 1124 2509 ut
1146 2466 1218 2528 pro·

267 2546 437 2630 sequendae
457 2567 568 2625 ceusae,
585 2569 682 2631 quum
702 2547 852 2612 adversus
872 2548 1039 2613 dominum
1059 2547 1218 2612 Irsndsvi-

266 2670 375 2715 ensem
396 2649 533 2729 hebetis,
551 2650 612 2715 hoo
630 2650 697 2715 vice
717 2671 849 2735 operam
868 2672 936 2716 non
955 2651 1047 2715 detis.
1093 2650 1220 2715 Plocuit

266 2752 353 2817 enim
371 2753 539 2818 serenitati
557 2754 636 2839 ejus,
655 2760 694 2818 nt
714 2755 798 2819 ectio
817 2756 888 2840 ipsu
905 2774 1009 2837 nsque
1030 2753 1072 2817 od
1091 2759 1219 2817 octavas

265 2855 464 2939 Epiphaniae,
479 2856 530 2921 vel
552 2857 593 2921 sd
614 2857 755 2922 reditum
777 2841 847 2941 ejus
870 2858 1019 2940 deinceps
1041 2856 1218 2936 differatur,

265 2958 311 3023 sio
329 2965 441 3023 tamen
458 2965 497 3024 ut
515 2959 671 3044 possessio
687 2982 758 3045 quse
773 2960 809 3025 in
823 2959 1039 3026 controversis
1056 2964 1115 3038 est,
1130 2980 1150 3022 u
1164 2980 1219 3023 vo-

264 3059 314 3126 bis
336 3061 466 3127 interim
488 3063 678 3128 inconcusse
699 3063 909 3147 possideatur.
954 3061 1115 3128 Dominus
1130 3061 1218 3126 enim

264 3163 505 3245 londunensis,
530 3167 612 3231 sicut
639 3166 757 3251 scripto
783 3188 842 3231 suo
866 3172 1015 3244 testatur,
1045 3165 1106 3229 hoc
1130 3165 1218 3229 idem

264 3267 390 3346 annuit,
406 3275 439 3332 et
453 3269 541 3367 volpis
562 3270 694 3333 interim
715 3290 828 3353 pacem
849 3290 885 3333 se
906 3290 963 3352 per
984 3268 1094 3333 omnis
1113 3288 1217 3331 serva·

263 3376 385 3449 turum,
407 3373 650 3456 compromittit.
692 3372 816 3451 Vulcte,
839 3378 872 3435 et
893 3377 1035 3455 psternae
1056 3370 1141 3435 circs
1162 3391 1218 3434 vos

263 3472 383 3555 gratias
403 3473 574 3541 reddentes
595 3474 767 3554 affectioni,
783 3475 853 3559 ejus
874 3494 932 3557 per
951 3472 1060 3539 omniu
1077 3472 1217 3538 consiliis

263 3575 467 3661 adquiescite.
