3225 5192
263 616 331 718 nu.
344 641 541 734 noo-48]
589 646 800 714 'uuoomumn
813 667 993 720 nummum.
1174 650 1218 714 88

262 789 418 874 legatum.
444 737 519 855 Quo
528 786 617 852 vobis
631 785 825 850 mandamus
838 785 1089 869 mandandoque
1098 787 1230 870 puriter·

261 891 474 976 injungimus,
495 898 534 955 ut
553 889 647 955 nobis
674 910 839 954 ooeurrere
860 889 952 954 nulla
973 888 1105 954 omnino
1126 911 1216 956 oeca-

264 995 353 1060 sioue
368 993 607 1078 pretermittas.
652 993 744 1056 Vale.

281 1247 502 1312 EPISTOLA
520 1245 705 1310 XXI.-sn
722 1266 906 1309 ucruunuu
923 1265 1193 1310 nsuosvrrrssru

618 1370 818 1414 urrscoeuss.

262 1503 356 1566 Petri
374 1523 429 1566 sao
448 1507 479 1566 et
498 1502 619 1566 domim
637 1501 847 1566 hadamari
864 1501 926 1563 Dei
945 1501 1054 1584 qratia
1076 1500 1217 1582 episeopo

294 1600 403 1682 frater
416 1602 453 1664 G.
467 1601 646 1665 Glocestra’oe
660 1601 762 1664 dietus
776 1600 882 1679 abbas,
894 1602 1026 1664 salutem
1038 1605 1070 1663 et
1084 1599 1217 1663 deditam

244 1803 246 1806 ι
304 1705 518 1768 reversuram.

859 1803 876 1834 Ο

306 1852 414 1919 Coun
436 1863 469 1920 et
490 1853 593 1920 labori
614 1861 720 1919 vestro
742 1876 848 1940 quem,
866 1861 904 1918 ut
923 1875 976 1917 res
993 1860 1107 1918 vestrae
1128 1852 1215 1937 apud

260 1977 315 2020 vos
330 1963 519 2036 crescerent,
534 1957 748 2042 impendistis,
764 1957 885 2042 gratias
899 1957 1034 2040 agimus.
1067 1953 1139 2019 Nos
1152 1954 1216 2020 boe

260 2059 330 2143 ipso
349 2059 436 2125 vobis
458 2059 613 2126 obnoxios
635 2059 811 2144 gratiseque
833 2059 993 2124 debitores
1015 2057 1214 2123 exhibemus.

260 2162 420 2247 Injurism
434 2162 523 2227 vobis
538 2162 662 2226 nullum
673 2162 724 2227 vel
738 2185 759 2228 a
772 2163 866 2229 nobis
877 2163 927 2228 uel
941 2185 960 2227 a
975 2163 1094 2228 nostris
1108 2163 1214 2227 fratri-

259 2264 321 2329 bus
337 2265 450 2330 inferri
464 2286 524 2330 neo
538 2265 685 2330 volumus
700 2287 760 2331 neo
774 2265 958 2351 probamus.
989 2266 1113 2351 Corpus
1128 2267 1215 2350 qnod

259 2368 403 2452 repetitis
420 2368 639 2454 Apostolicam
659 2369 836 2434 minuendo
854 2370 1081 2435 anctoritatem
1101 2369 1141 2434 de
1163 2391 1214 2434 ee·

259 2469 365 2550 elesia,
384 2469 421 2532 in
440 2491 537 2554 quum
557 2469 691 2534 allatum
714 2478 772 2550 est,
793 2471 918 2556 sibique
939 2480 1084 2536 extrema
1101 2470 1213 2536 volun-

259 2579 327 2636 tate
355 2593 542 2638 eoncessum
576 2573 691 2657 expelli
723 2574 839 2658 jubere
874 2596 943 2639 non
978 2574 1212 2659 presumimus.

262 2675 359 2740 Unde
380 2697 532 2760 rogamus
558 2675 627 2740 duri
652 2677 756 2758 nobis,
779 2677 807 2741 si
829 2679 945 2762 plaoet‚
967 2678 1053 2743 haue
1075 2677 1213 2756 veniam,

260 2778 417 2863 simulque
453 2779 556 2844 solitae
591 2781 821 2845 munificentius
857 2780 944 2845 dono
973 2780 1214 2865 superimpendi

259 2881 396 2964 gratim
409 2893 446 2946 nt
460 2881 553 2946 nobis
569 2890 772 2947 mortuorum
789 2882 945 2948 eadamra
964 2903 1036 2967 quse
1057 2881 1152 2946 nobis
1173 2902 1213 2946 ex

260 2984 384 3051 ratione
398 2991 596 3070 competunt,
609 3007 677 3051 uon
691 2987 828 3070 negetis,
840 2995 874 3051 et
889 3008 909 3052 a
922 2985 1018 3050 nobis
1032 2985 1213 3070 nostrisque

261 3087 410 3152 omnibus
437 3087 595 3152 honorem
630 3110 726 3172 quem
760 3109 931 3173 possumus
960 3087 1214 3173 obsequiumque

261 3187 361 3254 ostiti
374 3190 548 3256 famulatus
562 3175 748 3257 obtineatis.
781 3193 909 3257 vnete.

284 3475 504 3542 EPISTOLA
527 3477 730 3544 XXII.—su
746 3499 979 3546 rurousnnuu
995 3499 1185 3544 esurusur·

515 3600 627 3645 susum
643 3602 954 3648 sscmsmscoenu.

260 3733 354 3796 Patri
375 3753 431 3797 suo
454 3739 485 3798 et
507 3733 638 3814 domino,
662 3737 880 3802 cantuariensi
896 3738 958 3801 Dei
976 3740 1086 3821 pratia
1107 3741 1210 3804 orobi-

300 3833 440 3915 eps‘scopo
462 3838 493 3896 et
512 3835 608 3899 totius
622 3835 744 3917 Aoqb'oe
763 3837 897 3899 Psimoti
917 3837 1089 3900 steooatdo
1102 3837 1211 3920 frater

304 3935 342 3997 s.
361 3937 538 3999 esocem-so
553 3937 655 4001 soto
669 3938 774 4016 ason,
790 3939 934 4002 nouom
947 3959 987 4002 es
1001 3921 1135 4006 cimae
1148 3964 1210 4007 non

293 4033 374 4115 ficte
389 4035 602 4100 obedientiam.

300 4187 469 4253 Reuersus
494 4188 752 4255 benevolentiam
773 4197 923 4270 vestram,
945 4191 981 4256 iu
1006 4192 1136 4258 Christo
1161 4192 1209 4257 di

257 4289 339 4356 lecte
360 4298 461 4377 pater,
481 4299 520 4358 ut
542 4294 789 4374 exeusationem,
812 4315 909 4378 quam
931 4294 974 4359 ad
989 4315 1132 4380 prsesens
1151 4316 1211 4360 ne-

725 4417 747 4459 n
