3225 5192
271 719 337 765 mn.
359 698 555 786 nol—oa]
603 667 843 763 manoamasrs
858 719 1034 764 nrmronnr.
1159 704 1223 765 327

403 946 624 1012 EPIS'I'OLA
646 945 932 1011 ccxxxv-ro
948 966 1093 1010 nosnnu.

275 1101 312 1162 G.
328 1099 390 1161 Dei
408 1101 515 1181 pratia
537 1099 761 1161 Mndoaicaaia
782 1098 950 1178 episcopm,
969 1098 1091 1160 dilectio
1111 1096 1172 1160 aiii
1191 1098 1226 1161 ia

315 1202 452 1265 Domino
468 1202 707 1278 archidiaconia,
723 1201 858 1275 decania,
868 1201 1070 1283 presbyterio,
1086 1207 1117 1263 et
1131 1203 1227 1265 omni·

285 1366 291 1376 ,
316 1305 371 1370 baa
386 1306 519 1388 &molem
534 1307 668 1370 ecclesie
676 1306 882 1387 parochianis
900 1310 930 1368 et
943 1304 1033 1385 filiis,
1048 1305 1179 1367 natatem
1196 1309 1227 1368 et

318 1410 415 1471 omnio
426 1410 539 1491 aratio
548 1409 781 1490 plenitudinem.

318 1558 425 1623 anu
447 1560 518 1624 loca
539 1566 724 1625 sanctorum
747 1558 892 1623 omnium
916 1557 1087 1642 inquibus
1110 1578 1226 1621 eorun-

276 1659 348 1724 dem
378 1661 522 1745 reliquiae
551 1666 663 1726 sancta
691 1660 836 1724 fidelium
867 1660 1037 1725 devotione
1069 1659 1226 1743 repositae,

240 1793 242 1797 ⁷
273 1762 402 1827 beatam
428 1765 655 1846 praestolantur
680 1771 837 1842 octavam,
860 1763 1015 1841 venerari,
1042 1762 1226 1852 sublimare,

274 1873 307 1930 et
336 1868 397 1950 piis
426 1867 585 1932 bonorum
611 1866 837 1950 largitionibus
866 1873 1049 1930 reverenter
1074 1865 1227 1949 ampliare

275 1977 430 2054 oporteat,
453 1971 536 2034 nulli
563 1970 699 2035 dubium
725 1970 930 2054 relinquitur,
953 1970 1045 2033 illum
1069 1971 1227 2054 praecipue

274 2075 390 2152 locum,
415 2075 470 2157 qui
493 2073 527 2136 in
550 2073 639 2138 vallis
664 2073 820 2158 Josaphat
846 2074 952 2139 medio
972 2075 1060 2138 inter
1082 2079 1227 2137 montem

277 2178 355 2242 Sion
385 2184 419 2243 et
448 2185 593 2242 montem
623 2177 741 2243 Oliveti
772 2179 946 2262 sepulturae
973 2177 1078 2242 beatae
1114 2177 1227 2240 matris

275 2279 409 2345 Domini
433 2281 571 2345 donatus
595 2288 654 2360 est,
678 2287 711 2344 et
737 2281 778 2345 nd
802 2282 1016 2346 humanitatis
1041 2281 1111 2364 ejus
1137 2278 1227 2344 obse·

235 2426 239 2435 -
276 2385 388 2469 quium
412 2384 453 2448 ab
478 2391 598 2448 aeteruo
623 2385 777 2467 provisus,
801 2407 936 2448 summae
958 2384 1136 2449 devotionis
1158 2384 1228 2468 ejus

275 2488 435 2572 obsequiis
456 2488 572 2554 debere
592 2487 762 2553 celebriter
779 2488 891 2564 excoli,
907 2493 939 2550 et
958 2486 999 2551 ob
1018 2488 1089 2571 ejus
1104 2508 1225 2551 memo-

275 2594 356 2658 riam
372 2613 443 2678 quae
458 2591 608 2657 manibus
624 2591 812 2674 angelorum
832 2589 908 2654 inde
929 2590 965 2654 in
985 2589 1100 2654 caelum
1117 2610 1227 2673 corpo-

274 2696 385 2760 raliter
399 2696 496 2760 etiam
516 2703 554 2760 ut
574 2694 733 2759 credimus
755 2700 864 2758 evecto
883 2699 942 2772 est,
957 2693 1062 2757 modis
1076 2691 1228 2756 omnibus
1311 2701 1315 2709 '

274 2800 434 2864 honorari.
480 2799 595 2881 Agatis
618 2799 727 2881 itaque
751 2796 949 2862 dilectissimi
960 2822 970 2875 3
994 2795 1126 2860 monitis
1144 2796 1228 2858 salu·

274 2902 397 2966 taribus
413 2901 614 2986 acquiescite,
630 2910 662 2966 et
684 2901 818 2964 nuntios
837 2900 941 2965 beatae
960 2898 1074 2963 matris
1094 2899 1228 2964 Domini

275 3007 363 3071 velut
385 3005 426 3071 ab
449 3007 518 3090 ejus
540 3006 640 3069 latere
663 3004 813 3082 directos,
832 3003 974 3088 jocunda
997 3010 1107 3066 mente
1129 3002 1228 3066 susci·

275 3110 351 3194 pita,
374 3120 407 3175 et
433 3110 474 3174 de
497 3130 607 3173 eorum
635 3108 814 3191 gaudentes
840 3108 990 3184 adventu,
1016 3105 1056 3170 de
1083 3105 1230 3192 hisquae

276 3213 363 3278 vobis
379 3235 399 3277 a
412 3213 553 3279 Domino
568 3212 684 3277 collata
699 3220 786 3290 sunt,
803 3219 842 3274 ut
860 3209 979 3274 hilaros
994 3209 1086 3274 decet
1102 3209 1230 3274 datores

278 3315 313 3378 in
334 3335 444 3380 eorum
465 3335 580 3378 monus
600 3313 800 3379 confidenter
820 3313 976 3396 reponite,
993 3312 1078 3396 quod
1099 3334 1157 3396 per
1177 3333 1232 3376 eos

277 3416 380 3482 beatae
400 3417 495 3480 matri
515 3417 649 3481 Domini
670 3415 767 3501 digne
788 3415 934 3493 mittatis,
951 3437 1014 3497 qno
1034 3415 1103 3498 ejus
1126 3415 1230 3499 scpul-

277 3528 383 3586 turam
405 3521 576 3598 exornetis,
593 3527 626 3584 et
646 3521 752 3586 locum
774 3541 870 3604 quem
891 3517 1036 3603 previdit
1055 3516 1116 3580 sibi
1135 3517 1231 3595 filius,

277 3625 346 3709 ejus
368 3623 530 3688 Dominus
546 3623 567 3686 J
569 3645 641 3688 esus
656 3630 694 3687 ut
709 3623 751 3687 ad
766 3645 800 3688 se
814 3621 891 3686 inde
905 3619 1092 3686 ascenderet
1107 3620 1232 3685 collatis

277 3727 439 3793 beneficiis
464 3725 644 3791 infidelium
674 3726 859 3810 repellendo
887 3724 1010 3789 rabiem
1040 3722 1230 3789 defendatis.

281 3831 342 3898 His
363 3853 436 3896 vero
459 3832 514 3915 qui
538 3832 658 3895 nostris
679 3832 917 3915 acquiescentes
940 3829 1082 3907 monitis,
1102 3829 1139 3891 in
1158 3849 1232 3893 cau-

278 3957 346 4000 sam
361 3935 445 4000 hnnc
460 3934 581 4019 aliquid
597 3935 637 4000 de
652 3957 710 4000 suo
726 3934 934 4012 contulerint,
946 3931 987 3996 de
1001 3932 1106 3998 beatae
1119 3929 1232 3994 matris

279 4039 410 4104 Domini
434 4037 547 4102 confisi
571 4037 759 4122 patrocinio,
784 4037 811 4101 si
833 4037 869 4099 in
892 4034 1085 4120 poenitentia
1109 4039 1232 4114 septem

280 4142 328 4207 vel
357 4141 493 4225 amplius
524 4162 683 4206 annorum
714 4147 801 4219 sunt,
828 4161 867 4202 xx
894 4139 962 4202 dies
988 4137 1177 4214 relaxamus,
1203 4135 1231 4199 si

279 4245 421 4328 pauciori
446 4251 601 4308 tenentur
625 4265 772 4320 numero,
798 4243 864 4306 dies
890 4241 1000 4306 decem
1026 4238 1230 4303 remittimus.

278 4345 392 4410 Valete
407 4346 441 4408 in
458 4345 596 4410 Christo.
