3225 5192
269 719 335 763 sm.
352 694 550 782 naa-48]
601 719 814 767 concussum
829 719 1007 765 rrrsrons.
1175 703 1215 765 81

297 1052 518 1117 EPIS'POLA
539 1053 754 1119 LXIV.-so
770 1072 955 1119 sorranus
972 1074 1183 1119 uassrosm·

573 1176 688 1221 rssmr
704 1175 906 1221 rrrsooruu.

267 1310 360 1372 Patri
373 1329 427 1372 suo
443 1314 473 1372 et
484 1308 605 1371 domiso
619 1308 659 1371 R.
669 1309 731 1371 Dei
741 1309 850 1392 pratia
858 1306 1052 1390 Hercesordioe
1066 1310 1215 1395 epiecopo,

299 1410 408 1494 frater
428 1414 466 1475 G.
485 1412 662 1475 Gloceabioe
677 1411 778 1475 dictus
793 1412 899 1492 abbas,
916 1414 967 1476 die
986 1414 1126 1496 quotidie
1144 1413 1217 1476 bene

304 1517 487 1599 prosperan·
502 1517 536 1580 ia
546 1516 696 1597 pretium.

308 1639 363 1731 Ab
386 1667 546 1752 synodum
568 1688 675 1751 quem,
694 1660 817 1733 ¹dilecte
837 1675 939 1752 pater,
959 1667 1136 1747 celebratis,
1155 1668 1218 1731 iter

163 1810 165 1813 -
267 1769 335 1854 ipse
357 1770 565 1855 arripueram,
584 1770 641 1835 sed
659 1771 782 1836 domini
796 1771 1021 1855 wigornensis
1039 1772 1141 1835 litcrae
1157 1791 1217 1835 nos

266 1872 372 1957 ipsum
389 1873 450 1938 hac
464 1874 516 1938 die
530 1874 618 1939 lnnae
634 1874 820 1940 Glooestriae
833 1875 1011 1959 prestolari
1025 1872 1217 1939 obedientias

266 1982 299 2040 et
327 1977 469 2041 caritatis
497 1977 633 2062 imperio
662 1977 897 2061 compulerunt.
951 1977 1032 2043 Ideo
1061 1976 1147 2061 quod
1175 1976 1217 2041 ad
1349 2032 1353 2040 .

265 2100 404 2163 praesens
415 2100 481 2145 non
493 2101 673 2165 possumus,
686 2056 815 2145 dilectre'
822 2080 916 2145 nobis
930 2080 1094 2145 sanctitati
1102 2086 1216 2145 restrae

265 2182 383 2268 scripto
394 2184 620 2267 supplicamus,
632 2189 670 2248 ut
681 2184 722 2247 de
732 2182 961 2263 Wallensibus,
973 2184 1013 2248 de
1029 2181 1215 2249 Herobene·

265 2285 339 2364 feld,
359 2284 442 2365 Idel,
458 2292 492 2351 et
509 2286 689 2364 Chenedin‚
705 2299 737 2351 et
757 2308 869 2351 eorum
889 2286 1107 2371 eomplicibus,
1122 2285 1216 2350 nobis

262 2389 422 2473 justitiam
437 2388 624 2483 exhibeatis,
638 2390 700 2474 ipsi
715 2390 802 2483 enim
822 2390 858 2453 in
876 2412 937 2455 nos
950 2390 1127 2455 immeritos
1142 2412 1215 2455 suas

264 2492 465 2578 ulciscuntur
481 2492 628 2577 injurias,
644 2500 678 2557 et
699 2514 798 2577 quum
815 2493 861 2558 eis
880 2494 916 2557 in
934 2492 1025 2559 nullo
1039 2492 1215 2573 nocuerim,

265 2581 434 2679 plusquam
445 2596 612 2679 sexaginta
626 2617 808 2661 marcarum
819 2596 974 2661 damnum
989 2596 1083 2660 nobis
1097 2596 1215 2660 intule-

265 2706 352 2777 rimt,
368 2706 401 2763 et
416 2704 522 2763 totum
543 2697 658 2786 [quod]
675 2699 710 2763 iu
726 2697 907 2764 Brontonis
919 2699 1134 2764 laboravimus
1149 2697 1216 2777 diu,

266 2824 331 2867 uno
345 2802 470 2885 impetu
484 2807 517 2869 et
534 2802 667 2866 incursu
682 2800 896 2867 abstulerunt.
943 2802 1116 2885 Speremus
1131 2799 1217 2882 quod

266 2904 382 2968 damna
404 2911 515 2969 nostra
537 2920 569 2970 et
587 2892 792 2970 incommoda
809 2912 966 2989 tanquam
984 2902 1161 2987 pensabitis
1183 2909 1217 2968 st

266 3007 352 3091 quod
365 3028 460 3092 opem
474 3029 572 3092 quam
586 3008 667 3073 nulli
679 3010 766 3093 juste
780 3008 906 3092 petenti
921 3007 1120 3087 subtrahitis,
1134 3008 1216 3073 filio-

266 3132 339 3175 rum
358 3110 456 3195 juste
472 3112 681 3195 postulationi
697 3133 764 3176 non
778 3112 951 3195 negabitis.
995 3112 1122 3177 Notum
1135 3132 1217 3196 prae·

265 3222 353 3278 terea
374 3214 539 3279 sanctitati
560 3222 674 3281 vestroe
695 3213 842 3295 facimus,
862 3216 937 3299 quia
958 3215 1092 3280 clericus
1113 3222 1218 3280 vester

267 3317 381 3381 Gunni
401 3316 442 3381 de
466 3315 630 3383 Stantuna
651 3318 688 3383 in
707 3318 888 3383 novissimis
905 3340 1016 3402 agens,
1031 3342 1051 3383 s
1067 3319 1157 3383 vobis
1178 3325 1216 3383 ut

265 3427 356 3503 patre
379 3428 413 3483 et
435 3427 562 3503 pastore
586 3421 702 3486 animae
728 3442 803 3497 suae,
827 3429 1011 3486 sanctarum
1032 3422 1216 3485 orationum

264 3518 443 3587 vestramm
472 3525 662 3606 suffragium
688 3524 819 3609 expetit,
841 3532 880 3589 ut
901 3532 1007 3589 vestro
1031 3525 1217 3590 interventu

265 3626 492 3705 communitus,
504 3626 640 3711 jamjam
651 3626 806 3707 exiturus,
818 3627 952 3692 Domini
966 3626 1216 3692 misericordiam

265 3728 364 3811 possit
382 3728 524 3792 securius
546 3736 724 3813 expectare.
770 3732 892 3795 Rerum
906 3752 981 3795 vero
1001 3751 1132 3794 suarum
1153 3729 1216 3793 dis·

266 3830 380 3914 positio
415 3830 485 3895 haeo
514 3838 573 3911 est,
604 3852 701 3915 quam
734 3832 769 3897 in
800 3832 1053 3916 conscriptorum
1081 3832 1216 3902 testium
1281 3906 1288 3918 ,

265 3934 436 4017 praesentia
468 3932 536 4017 ipse
566 3934 763 4019 subscripsit.
809 3935 977 4002 Quantum
1013 3956 1152 4003 annonae
1179 3935 1216 3998 in

266 4036 360 4100 domo
382 4057 441 4099 sua
462 4042 521 4114 eat,
545 4036 615 4100 baec
636 4036 849 4101 servientibus
871 4038 937 4101 auis
963 4046 997 4103 et
1022 4037 1072 4103 his
1099 4036 1215 4121 quibus

265 4138 371 4223 aliquo
399 4138 509 4203 debito
535 4139 696 4222 obligatus
725 4146 774 4204 est
802 4140 959 4205 concedit.
1005 4140 1215 4223 Reliquorum

264 4242 409 4305 omnium
429 4242 559 4307 tertiam
575 4242 664 4307 vobis
681 4241 810 4326 legavit,
826 4252 859 4309 et
879 4243 1019 4308 ecclesioe
1030 4251 1164 4320 nostrae,
1179 4240 1215 4305 in

265 4366 326 4427 qua
340 4345 489 4410 habitum
500 4345 714 4411 monasticum
729 4348 879 4431 ssuoepit,
891 4346 971 4411 duas
985 4345 1124 4427 reliquas
1138 4364 1215 4407 oon·

731 4470 751 4511 o
