3225 5192
318 682 382 746 118
629 699 791 743 crunnum
809 698 959 744 rrsscors

317 838 385 881 non
403 836 533 901 prorsus
553 816 740 895 excidimus,
755 816 941 901 episcopum
955 824 1099 881 vestrum
1119 817 1272 900 suscipiu-

318 920 362 984 tis
383 920 419 984 in
441 920 555 1003 gretie
576 926 609 983 et
630 920 702 1003 psci
722 926 755 983 et
774 920 891 984 honori
912 919 983 1003 ejus
1004 918 1207 1003 provideatis,
1228 938 1273 983 ne

319 1028 445 1106 putrem
468 1022 545 1085 ulibi
567 1042 708 1106 querere
731 1022 952 1105 compellam,
975 1022 1032 1087 sod
1056 1028 1164 1086 totum
1186 1020 1274 1104 quod

321 1124 412 1207 pium
426 1132 485 1203 est,
502 1124 587 1207 quod
601 1124 784 1189 modestum
804 1146 839 1189 se
859 1124 946 1208 opud
962 1146 1018 1189 vos
1037 1125 1191 1208 reperisse
1206 1124 1274 1207 glo·

322 1226 434 1290 rietur.
479 1225 532 1290 Ad
547 1227 643 1310 pedes
658 1234 780 1291 vestros
794 1228 830 1290 in
845 1248 937 1310 prece
952 1226 1012 1292 huc
1027 1226 1122 1291 corde
1137 1233 1276 1309 proster-

324 1328 442 1408 nimur,
459 1350 537 1412 quos
559 1328 765 1413 supplicando
784 1328 939 1393 libentius
957 1328 1020 1414 ipsi
1038 1328 1188 1393 munibus
1208 1350 1275 1392 nm·

323 1432 503 1515 plectimur.
550 1432 719 1497 Provideut
733 1431 853 1515 itaque,
869 1432 897 1495 si
911 1430 1025 1515 placet,
1039 1438 1146 1495 vestro
1160 1430 1276 1493 discre-

323 1530 380 1605 tio,
392 1550 435 1593 ne
446 1529 539 1594 nobis
550 1530 712 1613 postulate
722 1529 883 1613 negando,
894 1552 1004 1614 preces
1019 1536 1146 1594 nostrus
1161 1528 1276 1593 amodo

325 1636 417 1695 muto
439 1632 596 1695 claudetis
619 1632 757 1697 silentio.
814 1634 905 1697 Bene
926 1633 1032 1697 velere
1053 1653 1108 1699 vos
1129 1638 1279 1716 optumus

325 1732 360 1795 in
375 1732 473 1815 longo
486 1740 642 1817 tempom,
657 1734 693 1797 in
708 1734 839 1798 Christo
854 1734 971 1799 dilecte
984 1740 1086 1818 peter.

404 2050 624 2116 EPISTOLA
646 2052 849 2117 XOIL-sn
865 2073 1047 2117 inermum
1063 2070 1193 2115 rernm.

327 2206 422 2269 Patri
449 2227 504 2269 suo
533 2213 564 2270 et
594 2207 716 2271 domiuo
747 2228 864 2271 comeso
890 2207 1032 2289 pontifici
1060 2206 1210 2289 Eupmio,
1239 2206 1280 2267 G.

369 2304 620 2385 Heresordo'ensis
634 2308 767 2370 ecclesio
781 2309 933 2386 minister,
948 2307 1060 2370 solutis
1078 2304 1229 2387 poudiom
1250 2310 1281 2366 et

372 2406 506 2471 debitum
520 2406 697 2473 obedientie
703 2410 904 2491 famulatum.

373 2560 687 2641 Qn0n1m,dileeto
705 2570 807 2647 puter,
826 2564 924 2628 amici
943 2562 1085 2628 veritatis
1104 2583 1174 2626 csse
1193 2562 1283 2645 cupi-

329 2684 412 2741 mus,
427 2663 500 2727 ideo
514 2665 600 2746 quod
616 2665 656 2729 de
671 2687 767 2729 censs
781 2665 905 2729 domini
925 2665 1084 2731 Bernsrdi
1099 2665 1285 2729 Gemellen-

329 2766 374 2829 sis
397 2765 522 2831 abbatis
545 2766 607 2851 ipsi
630 2776 803 2851 presentes
823 2769 960 2832 vidimus
985 2775 1020 2833 et
1042 2768 1231 2846 audivimus,
1249 2768 1285 2830 in

330 2870 502 2951 praesentie
516 2876 621 2933 vestm
635 2890 708 2933 cum
724 2870 843 2935 fiducie
861 2878 1089 2935 contestemur.
1134 2869 1285 2933 Vidimus

332 2971 420 3033 enim
442 2972 548 3053 ipsum
571 2971 726 3035 Corneliae
747 2972 887 3054 priorem
910 2972 1180 3056 quampluresque
1202 2973 1285 3056 ejus-

333 3071 406 3136 dem
436 3072 575 3135 ecclesiae
603 3093 765 3154 personas,
793 3073 835 3135 ud
864 3073 961 3156 pedes
991 3073 1113 3137 domini
1139 3072 1287 3138 Hiemcri

332 3170 506 3234 Tusculani
520 3172 667 3254 episcopi,
684 3192 722 3236 eo
737 3179 883 3255 tempore
897 3174 984 3255 opud
1003 3193 1063 3235 nos
1083 3174 1192 3256 legati,
1214 3196 1288 3257 pro-

333 3278 451 3337 stratos
466 3279 499 3337 et
514 3274 705 3356 provolutos,
720 3274 886 3339 humiliter
906 3275 1078 3359 postulare,
1093 3283 1131 3340 ut
1145 3277 1192 3339 eis
1207 3298 1288 3360 prse-

334 3376 457 3441 dictum
473 3377 686 3458 Bernurdum,
703 3378 949 3443 Glocestriensis
963 3378 1104 3443 ecclesioe
1123 3386 1205 3443 tunc
1223 3380 1289 3463 pri-

278 3540 281 3545 .
335 3500 434 3558 orem,
455 3479 490 3543 in
511 3479 661 3545 abbatem
683 3482 883 3561 concederet,
897 3490 933 3547 et
954 3483 1061 3566 ipsum
1082 3482 1289 3547 conmdendo

336 3590 405 3647 tom
420 3604 531 3647 eorum
547 3586 757 3667 quamtotius
775 3592 952 3650 conventus
966 3586 1017 3649 sui
1031 3586 1182 3669 petitioni
1196 3585 1289 3648 sutis·

335 3684 463 3749 fuceret.
511 3685 636 3749 Scimus
657 3688 755 3751 etiam
774 3686 944 3751 dominum
960 3686 1153 3753 Hiemurum
1174 3686 1216 3749 ud
1235 3706 1288 3749 eo·

337 3808 410 3851 rum
433 3788 682 3871 postulationem
705 3790 857 3873 proedicto
877 3790 972 3854 irutri
993 3790 1170 3869 Bernurdo,
1192 3810 1288 3853 renu-

339 3891 408 3953 enti
422 3890 496 3955 licet
512 3898 545 3955 et
558 3892 669 3970 invito,
682 3914 720 3955 ee
731 3914 794 3975 qua
808 3900 944 3976 praeerst
955 3892 1146 3957 auctoritate
1159 3892 1290 3974 injunx-

336 3995 409 4073 isse,
419 4000 458 4058 ut
469 4015 550 4057 onus
561 3994 775 4059 cerneliensis
787 3996 929 4060 ecclesiae
938 3995 1090 4079 regende
1104 3995 1290 4077 susciperet,
1425 4026 1428 4028 Δ

339 4098 432 4181 eique
450 4118 508 4180 per
527 4097 636 4160 omnia
654 4104 751 4180 prout
766 4104 961 4181 competeret
976 4096 1086 4161 abbati
1100 4096 1290 4179 provideret.

341 4200 468 4265 Scimus
492 4197 701 4263 nihilominus
723 4207 918 4265 conventum
939 4198 1094 4263 Cerneliae
1118 4218 1194 4262 enm
1219 4217 1291 4280 gru·

340 4304 425 4369 tuito
455 4303 590 4368 solemni
618 4304 820 4388 promssione
849 4302 1034 4386 suscepisse,
1060 4310 1095 4365 et
1123 4300 1292 4365 dominum
