3225 5192
375 636 437 697 168
687 655 848 704 crusnam
865 656 1017 721 nrrscorr
1122 640 1129 667 ¹

236 848 241 855 μ
372 775 561 855 perpetum
585 770 636 834 sui
658 769 852 835 soliditatem
867 770 1035 835 literarum
1048 769 1203 835 memoria
1216 771 1329 836 testifi-
1368 784 1372 794 ’

373 874 476 939 canda
490 876 611 957 pariter
625 881 674 938 est
689 881 723 939 et
737 874 929 939 roboranda.
962 874 1086 939 Noscat
1099 876 1210 959 itaque
1223 885 1329 940 vestra

374 977 524 1043 discretio
547 998 674 1061 eausam
703 999 776 1061 quoe
802 979 889 1043 iuter
912 978 1097 1043 Jcbaunem
1123 980 1273 1044 clericum
1293 988 1330 1043 st

376 1080 595 1161 Reginaldum
616 1079 657 1143 de
680 1079 846 1162 Pegsbam
867 1099 964 1162 super
984 1079 1118 1143 ecclesia
1137 1078 1178 1143 de
1196 1079 1331 1145 Credin·

374 1191 455 1246 tune
470 1182 527 1250 diu
542 1184 666 1266 agitata
675 1189 734 1261 est,
747 1205 820 1266 quse
829 1182 927 1247 etiam
942 1204 963 1246 a
976 1189 1067 1266 patre
1077 1188 1189 1247 nostro
1200 1182 1331 1247 domino

374 1306 458 1367 papa
472 1286 657 1350 Alexandro
677 1285 770 1350 nobis
789 1286 937 1369 delegata
949 1292 1009 1363 est,
1023 1293 1063 1349 ut
1077 1286 1180 1369 ipsam
1194 1286 1330 1370 diligen-

375 1393 427 1450 ter
447 1388 642 1467 audiremus,
658 1396 691 1453 et
713 1388 893 1453 rationibus
911 1390 1053 1471 partium
1072 1388 1148 1452 binc
1165 1388 1242 1453 inde
1259 1389 1331 1452 dili-

378 1500 493 1573 genter
508 1491 626 1555 auditis
642 1498 675 1556 et
695 1492 834 1574 cognitis
852 1491 953 1575 ipsam
969 1498 1094 1556 remoto
1108 1492 1331 1574 appellationis

377 1593 545 1659 obstaculo
573 1594 737 1659 mediante
763 1594 893 1677 justitia
921 1593 1151 1672 decideremus,
1179 1593 1215 1657 in
1243 1594 1331 1658 bunc

376 1696 510 1759 tandem
524 1697 658 1761 modum
673 1697 901 1779 conquievisse.
945 1698 1033 1761 Nam
1049 1718 1148 1781 quum
1165 1696 1331 1761 lohannes

378 1798 519 1862 adducta
535 1800 669 1864 testium
688 1800 789 1883 copia,
801 1799 993 1883 jamdictam
1007 1799 1172 1865 ecclesiam
1193 1800 1228 1863 in
1246 1801 1330 1864 inte-

377 1923 472 1985 grum
487 1903 548 1972 sibi
562 1904 691 1967 restitui
709 1904 914 1987 postulasset,
930 1903 1130 1986 Reginaldus
1145 1924 1215 1968 esse
1229 1904 1332 1969 sciens

377 2005 530 2088 ambigua
558 2006 644 2069 lacta
670 1993 849 2082 causarum,
878 2005 1085 2088 anticipando
1110 2005 1271 2089 judicium
1295 2007 1331 2070 in

375 2108 536 2190 integram
556 2107 764 2173 medietatem
781 2108 947 2191 jamdictae
961 2108 1102 2173 ecelesiae
1117 2109 1138 2172 J
1139 2108 1261 2173 obsum
1274 2129 1332 2193 per

376 2212 486 2275 omnis
500 2212 667 2288 concessit,
681 2211 791 2294 sicque
800 2232 877 2275 oum
890 2233 929 2275 eo
943 2211 1154 2295 transigendo
1167 2212 1221 2275 liti
1233 2213 1331 2276 finem

375 2313 538 2398 imposuit.
562 2314 671 2396 Elegit
682 2314 770 2377 enim
780 2314 947 2379 lohannes
958 2314 1101 2395 oblatam
1116 2314 1177 2381 sibi
1190 2315 1332 2380 ecelesiae

376 2418 560 2501 portionem
576 2419 684 2501 potius
698 2418 734 2481 in
749 2439 827 2502 pace
843 2402 1016 2502 suscipere,
1030 2440 1127 2502 quam
1142 2426 1241 2483 testes
1256 2440 1333 2483 suos

376 2520 619 2605 probationibus
642 2528 675 2585 et
697 2521 892 2605 juramentis
913 2542 1056 2586 onerare.
1101 2522 1209 2585 Tectis
1231 2522 1333 2606 igitur

377 2625 549 2707 evangeliis
570 2626 735 2709 utrimque
752 2626 901 2709 juratum
920 2632 970 2688 est
991 2631 1031 2689 ut
1051 2633 1169 2689 neuter
1190 2625 1332 2689 alterum

379 2744 439 2787 sus
453 2724 493 2787 de
509 2732 625 2789 caetero
639 2724 787 2808 portione
801 2724 940 2803 standet,
956 2723 1013 2787 sed
1023 2732 1160 2807 uterque
1173 2723 1267 2787 alteri
1277 2726 1333 2808 jus

378 2848 474 2891 suum
488 2826 653 2910 integrum
668 2827 893 2911 illibatumwe
908 2836 1084 2891 conservet.
1124 2826 1211 2891 Sane
1226 2826 1332 2910 aliquo

377 2930 520 3013 ipsorum
541 2932 642 2996 altero
662 2938 773 2995 tamen
792 2931 964 3014 superstite
982 2930 1168 3007 decedente,
1185 2930 1260 3013 jure
1274 2951 1333 2994 suo

378 3032 439 3096 sibi
459 3033 496 3097 in
517 3034 617 3116 partis
640 3034 770 3101 alterius
792 3040 1026 3117 recuperatore,
1042 3034 1130 3098 salvo
1147 3054 1205 3117 per
1223 3033 1332 3098 omnia

378 3144 599 3217 permanente.
645 3136 742 3202 Quod
757 3136 833 3219 quia
846 3157 955 3201 coram
969 3136 1062 3201 nobis
1078 3142 1187 3200 actum
1202 3143 1261 3216 est,
1272 3158 1332 3201 nos

379 3236 419 3300 sd
434 3238 532 3303 finem
548 3238 634 3321 pacis
645 3246 764 3303 cuncta
777 3238 881 3322 redigi
896 3241 1063 3323 cupientes
1077 3238 1332 3323 approbavimus,

379 3348 412 3403 et
427 3341 637 3407 mansuetioui
659 3343 695 3405 in
715 3342 803 3407 hunc
819 3343 955 3408 modum
967 3343 1058 3407 inita
1072 3364 1238 3406 assensum
1252 3365 1332 3427 prae-

379 3442 519 3524 buimus,
534 3445 637 3528 ipsam
651 3452 690 3510 ut
703 3446 943 3529 inperpetuum
957 3446 1167 3525 convalescat,
1182 3445 1334 3529 praesenti

380 3548 497 3632 scripto
513 3556 546 3614 et
561 3548 656 3634 sigilli
672 3552 774 3616 nostri
789 3549 989 3636 appositione
1003 3549 1203 3615 testificando
1218 3550 1333 3615 coufir-

379 3672 546 3715 maumus.
