3225 5192
412 701 478 764 350
722 717 883 760 ornanum
901 717 1052 761 sriscoes

449 1041 671 1108 EPISTOLA
693 1041 914 1110 cone-so
929 1063 962 1106 A.
979 1061 1142 1106 sensuum
1158 1063 1200 1106 rr
1215 1063 1327 1107 cumr.

771 1165 1016 1210 crurcrsuarn.

415 1299 453 1362 G.
469 1299 531 1362 Dei
541 1300 650 1382 prelia
664 1299 888 1364 Loadouieasis
902 1298 1070 1380 episcopas,
1084 1297 1252 1360 venerabili
1263 1295 1368 1378 fratri

456 1409 487 1466 el
506 1403 604 1466 emico
623 1403 657 1465 ia
674 1404 797 1467 Christo
813 1401 984 1478 eniienim,
1000 1400 1042 1462 A.
1055 1401 1247 1463 Cireceslrin
1261 1401 1367 1464 ecdem

453 1503 562 1584 prolia
577 1502 692 1582 edwii,
702 1509 732 1566 el
748 1503 806 1566 loli
821 1500 956 1583 ejusdem
970 1500 1030 1562 leci
1045 1501 1214 1578 conseruati,
1225 1502 1367 1578 salutem,

456 1611 486 1668 el
500 1607 653 1668 emeram
668 1606 699 1666 in
714 1604 846 1666 Domino
861 1601 1062 1664 dilectionem.

458 1754 691 1819 Punsuuuruu
717 1753 800 1817 lator
825 1753 926 1816 stater
948 1754 989 1815 A.
1013 1750 1208 1834 jamdudum
1235 1752 1367 1815 recessit

413 1858 551 1936 avobis,
575 1857 691 1940 spiritu
712 1855 848 1920 fortasse
869 1876 938 1919 nou
960 1855 1047 1919 bono
1069 1854 1256 1937 instigante.
1304 1857 1366 1918 Re-

413 1961 550 2024 vertitur
579 1967 688 2024 autem
717 1979 816 2037 nunc,
847 1966 959 2022 sancto
987 1966 1027 2022 ut
1055 1979 1221 2042 speramsrs
1250 1959 1366 2041 spiritu

413 2069 593 2140 revocante,
614 2063 722 2146 pulsat
744 2060 784 2125 ad
807 2061 926 2125 ostium
948 2061 1173 2125 misericordiis
1194 2069 1318 2138 vostro,
1333 2067 1366 2125 et

412 2166 448 2228 iu
463 2163 642 2227 subsidium
665 2161 856 2226 miserabilis
875 2169 909 2226 et
928 2161 1126 2226 meticulose
1142 2183 1247 2226 causae
1269 2181 1366 2245 quam

414 2267 491 2350 agit,
507 2271 618 2330 nostra
637 2265 679 2328 ad
692 2285 748 2328 vos
768 2265 920 2347 fungitur
934 2265 1152 2345 advocatione,
1168 2271 1206 2328 ut
1228 2265 1366 2348 gratiam

413 2391 510 2454 quem
530 2367 647 2432 diffidit
667 2389 706 2433 ex
725 2389 768 2447 se,
788 2377 901 2432 nostro
919 2376 1016 2451 queat
1034 2369 1220 2433 interventu
1239 2391 1366 2453 promp-

412 2475 478 2539 tius
514 2473 670 2538 obtinere.
730 2472 963 2537 Difficultstcm
999 2471 1122 2537 ordinis
1153 2473 1252 2537 vestri
1282 2474 1365 2557 jom-

413 2575 470 2642 diu
496 2583 645 2662 expertus
677 2575 852 2652 exhorruit,
877 2580 912 2638 et
941 2595 975 2639 se
1003 2581 1098 2639 tauto
1122 2576 1214 2640 oneri
1239 2583 1273 2640 et
1297 2584 1366 2640 tum

413 2680 509 2745 oretis
533 2679 742 2744 observantiis
771 2679 928 2761 imparem
956 2698 1026 2742 esse
1055 2679 1195 2761 agnovit.
1241 2679 1367 2744 Idcirco

412 2783 521 2866 pulsat
536 2790 569 2846 et
590 2781 743 2865 postulat,
759 2786 792 2844 et
807 2787 846 2844 ut
860 2799 919 2863 pro
932 2780 1002 2863 ipso
1016 2781 1138 2863 pariter
1151 2782 1366 2865 supplicemus

413 2885 552 2950 lacrimis
567 2904 626 2949 uos
641 2883 766 2961 invitat,
782 2889 816 2946 et
834 2883 875 2946 ad
894 2882 957 2947 lroc
975 2882 1113 2947 inclinat
1133 2882 1313 2962 uberrimis,
1327 2891 1366 2948 ut

412 3009 487 3053 cum
501 2987 633 3052 licentis
647 2994 753 3050 vestre
770 2986 806 3049 iu
826 2983 1010 3050 obedientia
1028 2985 1166 3050 fratrum
1187 2986 1365 3071 hospitalis,

413 3088 566 3153 immunis
588 3087 699 3172 possit,
719 3094 753 3150 ct
777 3086 943 3150 absolutus
967 3085 1008 3151 de
1032 3095 1149 3153 esetero
1170 3089 1364 3156 ministrare.

415 3191 488 3255 Hoc
502 3189 563 3274 ipsi
577 3189 692 3253 fratres
707 3189 874 3273 hospitalis
888 3189 1027 3272 amplius
1040 3197 1198 3274 expetunt
1215 3201 1249 3256 et
1269 3213 1365 3275 exop-

413 3301 496 3372 tent,
518 3292 573 3376 qui
592 3291 747 3355 nimirum
766 3292 835 3375 jam
855 3291 979 3356 dictum
1001 3291 1135 3356 fratrem
1154 3301 1268 3358 vestrae
1289 3295 1366 3360 lieet

411 3396 599 3481 professioni
613 3395 815 3478 inaequalem,
831 3395 896 3458 suis
910 3401 1021 3459 tsmcu
1040 3395 1153 3460 usibus
1170 3398 1285 3461 utilem
1295 3399 1365 3481 jam

411 3500 489 3566 olim
511 3499 634 3583 experti
655 3505 742 3562 suut.
788 3499 832 3562 In
852 3519 916 3582 quo
938 3505 972 3562 et
991 3520 1051 3563 uos
1070 3521 1208 3584 quoquc,
1229 3501 1257 3564 si
1279 3502 1365 3566 ultra

411 3602 500 3666 locus
515 3609 573 3679 est,
589 3601 678 3664 vobis
694 3601 920 3683 supplicamus,
936 3610 974 3665 ut
994 3601 1034 3666 de
1048 3603 1157 3667 fratris
1176 3604 1364 3669 infirmitate

410 3702 663 3786 compassionem
684 3702 851 3787 habentes,
875 3705 937 3767 etsi
958 3726 1028 3769 nou
1051 3706 1094 3768 sit
1119 3693 1257 3772 sublime
1280 3707 1365 3792 quod

411 3805 559 3890 petimus,
575 3803 665 3887 pium
680 3810 790 3867 tumen
810 3825 868 3887 pro
882 3806 982 3870 fratre
1002 3806 1196 3872 desiderium
1215 3818 1364 3873 nostrum

412 3907 600 3987 exaudiatis,
626 3915 659 3971 et
685 3907 768 3971 datis
794 3908 991 3987 dimissoriis,
1014 3911 1054 3974 iis
1081 3911 1198 3994 quibus
1224 3913 1364 3995 expedit,

411 4013 549 4078 liberum
578 4018 612 4075 et
641 4010 824 4075 absolutum
855 4013 1034 4095 assignetis,
1065 4035 1107 4078 ne
1137 4035 1217 4078 cum
1241 4024 1364 4095 nostra,

413 4115 499 4200 quod
513 4115 598 4180 absit
613 4116 759 4178 omnium
778 4115 908 4199 repulsa
926 4116 1141 4199 simplicitate,
1157 4119 1257 4201 ipsius
1279 4119 1366 4184 malo

413 4217 645 4303 desperationis
659 4215 874 4281 contundatis.
919 4219 1044 4282 Valete.
