3225 5192
257 720 322 771 an.
343 704 539 786 lisama]
587 722 1075 769 ananroanrrasrsrmsronn.
1145 708 1208 770 10⁷

256 842 386 907 Festino
406 841 448 905 ad
467 840 535 905 haec
551 858 622 923 quae
637 847 669 903 te
683 840 813 903 virtutis
831 847 1006 906 amatorem
1020 862 1088 905 non
1103 842 1208 905 solum

256 966 322 1009 non
337 951 500 1022 accusent,
513 943 570 1007 sed
583 950 733 1026 potenter
747 950 910 1007 excusent.
955 945 1117 1027 Magnum
1132 945 1207 1008 esti-

257 1069 309 1111 mo
322 1046 452 1111 virtutis
466 1045 622 1109 indicium
637 1048 803 1110 nascentia
816 1046 967 1110 vitiorum
982 1047 1129 1129 germina
1143 1048 1208 1111 suf-

257 1154 369 1215 locare.
423 1151 563 1233 Serpens
591 1150 649 1213 ubi
674 1156 771 1233 caput
795 1150 975 1229 immiserit,
997 1151 1091 1215 facile
1120 1159 1209 1215 totus

257 1255 409 1319 illabitur.
459 1254 540 1317 Haec
563 1260 602 1317 tu
627 1254 832 1317 considerans
857 1253 899 1317 ad
923 1254 1043 1338 primos
1068 1255 1209 1338 impetus

239 1357 412 1421 'restitisti
464 1356 552 1421 Quid
575 1355 634 1419 ni?
682 1356 758 1419 Nisi
780 1356 960 1435 restitisses,
983 1358 1052 1441 jam
1073 1357 1210 1422 forsitan

258 1461 297 1524 cd
333 1459 448 1544 templi
479 1460 649 1543 fastigium
685 1458 789 1523 rabies
825 1459 976 1524 inchoata
1005 1460 1210 1525 ascendisset.

260 1564 324 1628 Sed
338 1563 510 1629 ascendisti
533 1584 572 1627 ex
594 1564 735 1643 adverso,
752 1570 785 1627 et
800 1563 944 1647 objecisti
958 1571 993 1628 te
1007 1586 1138 1629 murum
1152 1586 1211 1649 pro

258 1688 350 1731 muro
372 1666 487 1731 domus
507 1667 618 1731 Israel.
663 1665 756 1730 Licet
774 1686 814 1729 cx
831 1666 973 1730 minimis
994 1689 1115 1750 magna
1136 1690 1211 1733 con·

256 1772 363 1855 jicerc.
409 1768 497 1835 Quid
518 1770 544 1832 si
561 1768 622 1833 tibi
641 1790 699 1853 pro
717 1768 780 1832 fide
802 1790 861 1853 pro
883 1770 1090 1833 sacramentis
1111 1771 1211 1835 eccle·

262 1875 316 1939 sioe
331 1875 493 1938 decertare
511 1873 763 1956 contingeretur,
782 1872 824 1936 ad
842 1893 970 1937 crucem
984 1873 1092 1951 Petro,
1108 1875 1211 1939 Paulo

259 2000 364 2043 comes
380 1978 420 2041 ad
436 1977 579 2061 gladium
594 1983 780 2041 constanter
795 1977 956 2041 assistans.
995 1978 1060 2041 Eat
1074 1978 1210 2057 satelles,

260 2080 370 2146 stricto
395 2082 536 2165 pugione
560 2080 621 2144 tibi
646 2080 796 2143 funestus
822 2086 977 2145 occurrat.
1024 2082 1060 2145 Si
1085 2102 1211 2145 sacrum

260 2186 459 2249 atrectaverit
479 2206 603 2268 corpus,
621 2186 703 2249 coelo
720 2184 822 2247 victor
840 2185 1003 2269 exciperis.
1050 2185 1086 2249 Si
1100 2206 1211 2269 peper-

261 2289 337 2353 cerit
356 2288 418 2352 tibi
437 2288 485 2350 nil
506 2288 614 2351 minus
633 2294 682 2351 cst
703 2288 822 2371 gloriae.
868 2288 947 2372 Jugi
961 2310 1038 2371 ergo
1051 2289 1139 2353 inter
1152 2310 1212 2353 nos

260 2392 419 2456 bonorum
434 2389 529 2454 laude
544 2390 724 2455 donaberis.
768 2392 819 2455 uu
833 2391 921 2455 enim
934 2398 1082 2475 tempora
1102 2398 1213 2456 nostra

261 2495 414 2559 virtutum
425 2494 548 2557 meritis
559 2494 738 2558 exornasti:
760 2502 799 2559 tu
814 2516 874 2559 nos
887 2495 923 2559 in
936 2495 1052 2559 melius
1068 2495 1213 2577 exemplo

260 2600 307 2662 tui
324 2597 515 2675 reformasti,
531 2604 569 2660 tu
583 2596 673 2661 virile
687 2597 796 2677 robur,
812 2604 846 2662 et
860 2598 1076 2662 constantiam
1091 2604 1212 2681 marty·

261 2724 332 2767 rum
356 2702 561 2784 intempore
586 2700 695 2784 tepida
719 2702 884 2766 revocasti.
929 2702 1103 2765 Percussor
1126 2700 1213 2764 enim

261 2806 319 2870 tibi
335 2806 455 2871 defuit:
481 2827 548 2869 non
561 2812 601 2869 tu
614 2806 736 2869 virtuti.
776 2805 874 2869 Vives
889 2826 967 2889 ergo
981 2805 1085 2868 clarus
1101 2804 1212 2887 gloria,

262 2930 355 2991 quam
370 2908 526 2972 meruisti.
571 2907 669 2972 Vives
683 2908 828 2991 inquam,
844 2908 901 2972 sed
915 2907 989 2971 felix
1006 2907 1061 2990 qui
1075 2928 1133 2992 pro
1144 2908 1214 2991 jus·

261 3012 335 3075 ticia
349 3011 433 3076 mori
448 3010 626 3075 decrevisti.

313 3318 531 3384 EPISTOLA
553 3319 818 3384 oxma-m
836 3342 1019 3385 uranicum
1036 3342 1163 3384 asoar-

509 3444 643 3487 caasras
660 3444 973 3488 sacmarrsccrou.

265 3577 357 3638 Patri
369 3596 423 3639 sao
438 3582 469 3639 et
489 3576 610 3639 domiso
628 3574 671 3639 Η.
687 3576 888 3654 Eboraceam',
902 3578 965 3639 Det
980 3578 1090 3659 gratia
1112 3576 1215 3639 arcas-
1250 3568 1255 3573 ’

306 3680 455 3761 episcopo,
463 3678 573 3759 frater
590 3680 627 3742 G.
645 3679 838 3760 Heresordiae
853 3679 955 3742 dictas
969 3681 1137 3761 epucopas,
1151 3679 1215 3740 sia·

308 3802 374 3845 cere
404 3781 561 3863 diligentis
590 3780 744 3864 affectum,
775 3787 805 3845 ct
831 3788 998 3865 gratanter
1027 3781 1217 3863 obsequentis

310 3885 449 3968 officim.

309 4035 459 4099 Clamas
486 4038 677 4121 quandoque
703 4044 959 4120 praesumptuosa
983 4044 1043 4116 est,
1068 4044 1101 4100 et
1132 4035 1217 4120 quod

268 4137 359 4201 alteri
380 4139 473 4203 facile
494 4148 609 4223 rogata
630 4141 829 4221 concederet,
852 4140 1026 4227 hoc'ssapud
1050 4139 1218 4202 dominum

267 4248 299 4304 et
314 4240 453 4305 amicum
467 4242 641 4326 impetrare
655 4263 723 4309 uon
737 4242 894 4325 desperat.
938 4244 990 4307 De
1008 4244 1078 4325 ipsa
1096 4241 1217 4321 itaque,

269 4364 338 4424 quaa
350 4344 439 4406 intra
453 4344 557 4407 cordis
572 4344 668 4407 vestri
684 4344 878 4423 dominatur,
895 4344 1027 4408 caritate
1041 4341 1218 4427 plurimum
