3225 5192
250 712 317 770 ap.
335 661 532 772 Udi-ss]
562 700 796 752 ΙΙιιιοιιιιιιιιιιι
812 681 998 757 srrsronn..
1039 693 1066 773 ᾗ
1118 695 1124 705 ’
1186 690 1208 750 9
1281 742 1286 756 .

248 825 423 910 nulgavit:
447 841 612 908 quumque
625 818 727 889 literis
747 823 787 888 ab
808 825 1000 895 auctoritate
1014 831 1120 891 vestra
1133 847 1203 912 sue-

209 1009 215 1019 ·
249 930 348 1014 ceptis
370 928 548 994 Dominum
563 927 824 1010 Wigorniensem
844 928 881 991 in
901 918 1049 994 ecclesias
1071 929 1201 996 Gloces-

248 1033 320 1096 triae
333 1030 474 1096 eandem
485 1030 567 1094 ferro
582 1030 777 1096 sententiam
795 1031 934 1095 instanti
951 1031 1215 1101 summonitione.
1278 1017 1289 1030 ’

248 1135 452 1218 compelleret
460 1159 470 1212 ;
494 1133 619 1212 Comes,
630 1140 702 1197 tum
716 1155 774 1216 per
788 1134 925 1200 directos
939 1136 1106 1200 literarum
1128 1157 1199 1199 sua-
1317 1199 1323 1211 ,

248 1259 321 1300 rum
348 1239 462 1320 apices,
485 1243 558 1300 tum
578 1256 636 1318 per
654 1237 807 1301 honestas
829 1243 862 1302 et
884 1237 1016 1302 idoneas
1037 1259 1200 1321 personas,

249 1361 320 1406 seso
335 1334 487 1429 plenariae
507 1339 716 1403 satisfactioni
736 1341 883 1419 offerens,
904 1341 1084 1405 secundum
1104 1340 1203 1425 placi·
1301 1413 1310 1432 ι

249 1449 322 1506 tum
338 1442 470 1507 Domini
485 1441 719 1524 wigorniensis
740 1442 850 1508 locum
872 1443 933 1507 sibi
953 1449 986 1507 et
1004 1449 1133 1526 tempus
1155 1463 1208 1506 ex-

251 1545 422 1629 sequendae
437 1552 470 1608 et
483 1543 654 1628 implendae
665 1545 803 1629 justitiae
820 1546 995 1628 postulavit
1010 1546 1125 1611 addici.
1163 1546 1209 1610 Et
1225 1590 1234 1606 .

250 1669 295 1712 ne
316 1647 586 1730 tergiversationis
609 1654 665 1713 aut
688 1647 890 1731 duplicitatis
912 1649 1092 1741 cujuspiam
1110 1647 1209 1713 habe·

250 1757 341 1815 retur
364 1757 539 1834 suspectus,
565 1751 743 1815 Dominum
769 1750 933 1816 Abbatem
956 1750 1206 1830 Teoehesbenoe,

252 1855 395 1919 Priorem
410 1854 510 1918 etiam
524 1854 778 1918 lantoniensem
792 1861 826 1918 et
840 1876 894 1918 me
908 1854 1054 1938 ejusdem
1074 1855 1208 1938 permis·

251 1959 351 2022 sionis
369 1956 542 2042 implenda
563 1957 766 2042 fidejussores
789 1959 949 2041 allegavit.
993 1957 1118 2022 Verum
1139 1965 1208 2022 tam

252 2063 323 2146 ejus
347 2061 540 2141 humilitate,
563 2083 661 2145 quam
685 2068 797 2126 nostra
823 2061 970 2125 omnium
991 2059 1207 2145 fidejussione,

251 2165 341 2249 parvi
361 2163 482 2243 habita,
498 2164 708 2230 nihilominus
731 2165 894 2228 sententia
914 2165 951 2228 in
969 2185 1029 2228 nos
1050 2163 1127 2227 data
1148 2170 1206 2228 est.

252 2267 351 2331 Unde
366 2288 466 2350 quum
482 2266 567 2350 apud
582 2289 642 2332 nos
657 2267 733 2332 vivis
753 2267 990 2332 interdicantur
1002 2268 1207 2346 monasteria,

251 2371 388 2437 mortuis
404 2372 578 2454 sepultura,
594 2371 703 2436 divina
721 2393 848 2456 quoque
865 2372 1125 2437 intermittantur
1140 2371 1207 2434 offi-

252 2476 311 2555 cia,
325 2475 546 2558 multipliciter
560 2475 699 2558 ligamur
713 2476 749 2538 in
770 2497 875 2559 poena,
892 2475 947 2558 qui
965 2496 1033 2538 non
1054 2481 1206 2538 tenemur

252 2574 288 2638 in
301 2575 405 2659 culpa.
451 2575 576 2638 Vestrae
589 2575 690 2658 igitur
705 2575 766 2639 erit
780 2575 958 2658 diligentiae
972 2595 1051 2651 rem,
1067 2573 1095 2636 si
1109 2572 1207 2636 nimis

254 2684 426 2761 aggravata
449 2683 508 2756 est,
528 2698 566 2741 ex
589 2677 690 2741 animi
712 2678 870 2743 modestia
893 2685 1083 2760 temperare,
1106 2697 1206 2758 quum

250 2781 344 2864 juxta
373 2781 496 2862 Papam
530 2778 732 2862 Stephanum
767 2780 986 2863 pulsationem
1021 2777 1208 2861 hujusmodi

252 2883 340 2946 ultra
365 2881 535 2964 provinciae
559 2882 714 2946 terminos
738 2903 945 2966 nequaquam
966 2879 1126 2964 progredi,
1150 2879 1208 2943 sed

252 2985 340 3048 intra
361 2983 556 3066 provinciam
581 2983 686 3046 audiri
709 2989 742 3047 et
763 3005 782 3048 a
805 2981 1123 3067 comprovincialibus
1141 2989 1205 3046 ter·
1238 3051 1253 3080 ·

253 3087 370 3151 minari
391 3091 548 3169 oporteat,
564 3086 626 3148 nisi
647 3086 741 3166 forto,
758 3086 844 3169 quod
866 3086 920 3150 hic
941 3085 1075 3149 minime
1096 3091 1205 3149 actum

254 3197 311 3269 est,
327 3189 368 3254 ad
391 3189 501 3253 sedern
520 3189 736 3272 Apostolicam
755 3189 853 3254 dierit
873 3189 1079 3274 appellatum.
1123 3188 1204 3252 Ves-

253 3300 336 3357 tram
360 3294 459 3357 etiam
478 3293 592 3376 nequit
614 3293 714 3356 latere
737 3293 943 3376 prudentiam
963 3299 1043 3357 tunc
1063 3292 1205 3355 multum

253 3397 320 3461 fore
334 3396 571 3461 detrahendum
591 3396 773 3474 severitati3
796 3418 896 3479 quum
917 3394 1138 3460 subversiones
1153 3416 1204 3460 eo·

255 3500 423 3564 elesiarum
452 3506 485 3565 et
515 3506 637 3583 strages
665 3500 840 3564 imminent
868 3500 1081 3583 populorum:
1119 3499 1204 3562 siout

255 3603 360 3667 eidem
374 3603 579 3668 vehementer
596 3609 644 3668 est
666 3602 930 3682 incumbendum,
947 3624 1049 3686 quum
1070 3601 1116 3666 sic
1135 3623 1204 3666 cor·

254 3707 334 3770 recti
358 3706 515 3790 simplices
534 3706 619 3770 fiunt
641 3706 797 3785 meliores,
812 3727 881 3770 non
906 3727 1006 3790 quum
1027 3705 1205 3788 exasperati

255 3809 331 3873 mali
353 3808 534 3873 redduntur
547 3809 726 3892 nequiores.
771 3809 888 3873 Valeat
911 3815 945 3874 et
963 3809 999 3872 in
1012 3816 1205 3894 perpetuum

254 3913 378 3978 illibata
392 3919 597 3978 conservetur
610 3920 715 3978 vestra
729 3910 919 3978 sublimitas.
