3225 5192
415 671 481 733 238
724 690 886 733 srnsasrr
904 688 1056 733 srrsoorr

546 1122 769 1187 EPIS'POLA
791 1121 1069 1187 cuma-ln
1086 1143 1242 1188 suanam.

417 1274 511 1339 Patri
524 1293 580 1338 cuo
594 1280 624 1337 el
640 1274 761 1338 domino
778 1295 895 1338 summo
903 1274 1049 1357 pontifici
1065 1276 1105 1337 A.
1114 1274 1224 1355 frater
1238 1276 1276 1337 G.
1293 1274 1372 1338 Ion·

459 1378 614 1442 maran
628 1378 761 1442 cocleae
775 1378 925 1457 minister,
938 1378 1071 1441 debitam
1086 1379 1214 1441 aiacem
1229 1380 1373 1443 comatis

461 1487 492 1545 et
505 1480 630 1544 humilis
645 1480 823 1544 obedientie
829 1478 1030 1563 famulatum.

463 1632 671 1696 Massaron
692 1638 846 1709 vestrum,
872 1639 965 1715 pater
988 1631 1025 1695 in
1044 1630 1175 1695 Christo
1202 1630 1374 1709 embsime,

418 1734 529 1800 debita
541 1735 747 1799 veneratione
762 1734 983 1818 suscipientes,
1001 1734 1089 1799 illico
1102 1734 1207 1798 filium
1222 1741 1374 1813 vestrum,

419 1837 650 1921 dominumque
672 1845 822 1901 nostrum
845 1836 1057 1916 osrisnmurn,
1080 1837 1239 1901 illustrem
1264 1858 1375 1921 regem

418 1941 611 2023 Anglorum,
626 1940 688 2005 etsi
707 1940 742 2003 in
763 1940 841 2023 ipsis
856 1942 926 2025 jam
941 1940 1069 2005 Walliae
1083 1939 1203 2004 finibus
1223 1947 1375 2022 agentem

419 2045 597 2109 exercitum
627 2044 793 2123 adivimus,
824 2052 858 2108 et
895 2043 1050 2129 adjuncto
1079 2044 1172 2109 nobis
1201 2043 1376 2107 venerabili

419 2147 519 2211 fratre
541 2154 652 2211 nostro
673 2147 817 2212 Roberto
839 2146 1083 2212 Herefordiensi
1104 2148 1263 2231 episcopo,
1282 2150 1377 2232 juxta

418 2250 514 2315 vestri
530 2250 667 2315 formam
681 2250 829 2315 mandati
844 2250 1018 2335 diligenter
1030 2259 1064 2315 et
1077 2251 1206 2315 intente
1225 2252 1375 2315 conveni-

419 2376 502 2421 mus.
548 2356 611 2420 Cui
626 2356 754 2441 singula
769 2377 842 2440 qua
855 2356 970 2421 restris
988 2356 1091 2421 literis
1110 2363 1189 2419 sunt
1207 2354 1303 2420 nobis
1320 2376 1374 2419 ex-

418 2480 538 2543 pressa,
561 2466 639 2524 ante
661 2460 769 2525 oculos
792 2467 961 2543 ponentes,
981 2460 1090 2543 ipsum
1110 2457 1319 2538 obsecrando,
1342 2466 1375 2522 et

420 2571 580 2647 quantum
594 2563 716 2646 regiam
732 2562 868 2629 decebat
883 2564 1096 2648 majestatem,
1111 2562 1287 2646 arguendo,
1299 2583 1375 2627 oon·

419 2674 543 2731 stanter
565 2675 598 2731 et
619 2667 780 2732 instanter
801 2667 923 2732 hortati
943 2688 1067 2745 sumus,
1082 2674 1121 2730 ut
1143 2665 1185 2730 de
1206 2666 1375 2750 propositis

419 2771 481 2835 sibi
503 2770 710 2849 satisfaceret,
729 2778 763 2835 et
785 2771 813 2834 si
835 2770 1009 2835 arationis
1030 2770 1163 2835 tramite
1184 2768 1375 2847 deviaverat,

420 2874 463 2943 ad
483 2875 569 2939 viam
593 2874 736 2939 veritatis
761 2882 794 2939 et
817 2873 954 2959 justitioe
977 2872 1084 2937 redire
1108 2880 1214 2937 vestra
1236 2893 1295 2956 per
1316 2894 1375 2937 nos

419 2984 587 3043 revocatus
616 2977 837 3043 admonitione
866 2998 934 3041 non
962 2976 1129 3041 tardaret:
1162 2998 1183 3040 a
1208 2982 1301 3059 patre
1325 2976 1376 3060 pie

420 3082 636 3147 commonitus
659 3103 678 3145 a
701 3082 806 3165 pravis
833 3080 959 3146 actibus
982 3081 1116 3145 omnino
1139 3081 1319 3158 desisteret,
1343 3086 1376 3145 et

420 3184 599 3249 Dominum
628 3205 710 3269 puro
739 3184 835 3249 corde
864 3184 1022 3269 diligeret,
1052 3192 1086 3248 et
1115 3191 1254 3248 matrem
1283 3204 1375 3247 suam

421 3294 566 3353 sanctam
589 3289 770 3353 Romanam
793 3288 961 3353 ecclesiam
983 3288 1078 3353 solita
1098 3288 1306 3353 veneratione
1327 3309 1376 3353 re·

420 3394 566 3477 spiceret,
581 3416 642 3459 nee
657 3416 729 3460 eam
744 3394 874 3459 visitem
887 3394 1032 3459 volentes
1049 3393 1222 3470 inhiberet,
1237 3393 1375 3477 appella·

420 3497 526 3562 tiones
546 3498 587 3563 ad
606 3520 678 3563 eam
698 3499 798 3563 lactas
819 3519 887 3562 non
906 3496 1088 3581 impediret,
1102 3503 1138 3561 et
1156 3503 1282 3580 patrem
1301 3518 1375 3561 nos-

419 3608 508 3664 trum
528 3600 696 3665 dominum
716 3600 985 3665 cantuariensem
1005 3600 1147 3683 benigne
1168 3620 1321 3665 revocans
1342 3605 1376 3661 et

420 3704 587 3783 reducens,
607 3704 643 3767 iu
663 3704 750 3769 beati
771 3703 861 3768 Petri
881 3726 920 3769 ae
938 3710 1045 3769 vestra
1064 3704 1243 3769 reverentia
1264 3704 1376 3767 firmus

420 3805 657 3890 immobilisque
670 3806 867 3891 persisteret,
882 3814 916 3871 et
935 3808 1065 3891 pietatis
1084 3805 1260 3871 intendens
1273 3805 1375 3889 operi-

420 3908 483 3973 bus
508 3910 656 3973 eoclesias
686 3917 720 3975 et
745 3909 977 3975 ecclesiasticas
1001 3931 1165 3993 personas,
1190 3916 1259 3973 tam
1283 3906 1376 3991 regni

285 4034 292 4046 ·
420 4033 517 4095 quam
531 4020 626 4077 terrae
640 4034 717 4092 suae,
731 4034 793 4078 nec
813 4020 961 4097 gravaret
979 4034 1038 4097 per
1057 4034 1102 4092 se,
1118 4033 1180 4077 nec
1198 4032 1257 4095 per
1276 4011 1376 4075 alium

421 4116 546 4200 gravari
567 4116 778 4201 permitteret,
795 4117 851 4181 sed
873 4118 958 4202 ipsas
979 4116 1120 4200 diligens
1141 4116 1233 4199 regia
1252 4120 1376 4198 proteo-

421 4220 511 4285 tione
534 4226 745 4299 conservaret,
769 4228 806 4285 ut
829 4221 895 4299 ille,
919 4243 976 4305 per
999 4241 1095 4304 quem
1114 4240 1207 4303 reges
1226 4224 1375 4301 regnant,

421 4324 597 4409 temporale
613 4323 675 4389 sibi
693 4345 832 4408 regnum
847 4332 1049 4390 conservaret
1064 4324 1099 4388 in
1113 4323 1219 4401 terris,
1235 4331 1268 4386 et
1284 4329 1376 4385 aeter-
