3225 5192
283 682 566 764 r.n.1161-89.]
616 702 1057 749 aounonruuslsrrrsroam.
1168 687 1233 752 347

281 819 365 903 pella
380 818 483 884 sancti
501 817 679 896 Michaelis,
700 839 757 900 per
777 841 893 883 manus
914 820 1141 903 improbissimi
1161 842 1233 904 por-

282 921 388 986 titoris
411 921 582 984 novissime
606 921 740 1004 suscepi.
787 921 876 987 Quid
901 944 1041 1007 namque
1066 924 1170 986 merui
1196 931 1234 987 ut

281 1023 432 1091 adversm
451 1045 503 1088 me
524 1029 630 1090 vestra
649 1024 765 1090 debeat
784 1025 970 1088 fraternitas
992 1025 1232 1104 excandescere,

281 1133 317 1192 ut
339 1127 374 1190 iu
397 1147 503 1192 meam
523 1147 694 1210 personam
715 1133 820 1191 vestra
841 1135 1029 1211 prorumpat
1052 1128 1232 1211 appellatio,

281 1238 319 1296 ut
343 1229 384 1294 ad
407 1229 480 1294 litos
501 1250 652 1312 provocer
676 1235 708 1294 et
732 1229 946 1294 adlabores?
990 1231 1151 1314 Nunquid
1174 1231 1233 1294 has

282 1333 361 1396 mihi
375 1332 500 1398 refertis
516 1333 645 1415 gratias,
661 1332 739 1418 quia
756 1353 810 1396 mc
831 1339 938 1416 partes
952 1339 1073 1397 vestras
1092 1333 1234 1416 benigne

282 1436 471 1502 sustinuisse
486 1437 702 1502 meministis?
746 1437 908 1521 Nunquid
926 1437 1113 1502 mediatoris
1132 1441 1235 1504 nostri

281 1540 381 1604 immo
401 1540 583 1604 mentitoris
601 1541 701 1604 vestri
721 1540 755 1603 id
777 1541 818 1604 dc
840 1563 893 1606 me
914 1542 1106 1625 persuadere
1126 1542 1234 1626 potuit

282 1644 394 1721 oratio,
410 1651 447 1706 ut
462 1649 520 1707 aut
534 1643 631 1708 vestri
653 1642 738 1726 quod
755 1645 838 1728 juris
858 1652 908 1708 est
927 1665 1091 1728 occupem,
1107 1652 1164 1710 aut
1182 1666 1234 1710 oc·

282 1746 414 1830 cupanti
427 1746 534 1824 velim,
551 1745 637 1830 quod
652 1746 745 1825 absit,
762 1747 924 1812 ullatenus
940 1748 1118 1813 assentire?
1155 1748 1234 1814 Non

282 1857 331 1914 est
356 1857 505 1914 sanctum
531 1849 570 1912 de
596 1848 738 1914 moribus
765 1850 860 1914 amici
886 1855 954 1914 tam
980 1851 1044 1915 cito
1068 1872 1234 1934 perperam

283 1953 411 2016 sentire.
456 1951 574 2014 Vester
602 1951 657 2015 ille
687 1951 802 2016 missus
836 1959 869 2016 et
904 1959 1091 2036 procurator
1119 1975 1233 2032 causae,

284 2075 379 2138 quam
394 2059 537 2119 vestrum
552 2053 666 2131 dicitis,
682 2052 833 2118 adversus
848 2075 901 2118 me
916 2060 949 2118 et
963 2053 1114 2118 adversus
1134 2056 1234 2118 eccle-

283 2158 364 2222 siam
382 2177 487 2222 meam
506 2157 626 2240 pariter
645 2157 826 2240 appellavit.
871 2157 940 2222 Vos
959 2165 1069 2223 autem
1087 2159 1234 2236 candem,

194 2331 196 2336 ¹
283 2267 320 2324 ut
340 2260 478 2324 scribitis
500 2267 533 2323 et
555 2260 673 2344 scripto
696 2260 839 2326 asseritis
858 2261 1106 2345 appellationem
1125 2282 1234 2346 prose·

282 2363 399 2440 cuturi,
413 2360 574 2425 indultam
588 2361 683 2425 nobis
698 2362 738 2425 ab
753 2363 823 2445 ipso
837 2363 926 2446 prius
941 2365 1135 2447 appellatore
1155 2366 1233 2428 dila-

282 2467 415 2542 tionem,
432 2485 533 2547 usque
548 2463 588 2526 ad
601 2463 703 2528 Quasi
716 2464 824 2542 modo,
834 2473 941 2529 vestra
953 2468 1108 2530 revocatis
1123 2475 1233 2531 aucto-

282 2569 388 2645 ritate,
405 2573 438 2630 et
453 2566 494 2628 ad
509 2565 675 2629 invocavit
689 2587 754 2643 me,
767 2566 975 2648 appellationi
989 2569 1167 2634 terminum
1181 2591 1233 2634 co·

283 2669 423 2736 arctatis.
469 2668 565 2734 Quod
592 2669 667 2751 quia
690 2668 726 2732 in
752 2689 926 2752 gravamen
951 2677 984 2735 et
1010 2671 1233 2754 praejudicium

283 2774 383 2858 partis
402 2779 521 2836 nostrae
538 2771 708 2848 redundat,
725 2771 865 2854 petimus
885 2772 913 2835 si
931 2772 1046 2855 placet,
1062 2773 1233 2838 desistatis.

286 2877 342 2940 Sin
355 2883 463 2940 autern
479 2875 658 2958 persistitis,
671 2895 713 2938 nc
724 2880 835 2938 teneat
845 2873 901 2938 illa
912 2876 1085 2940 coarctatio
1096 2877 1234 2960 appella-

283 2981 390 3058 tionis,
406 2985 444 3043 ut
458 2978 556 3042 verbo
571 2977 669 3059 prius,
685 2977 731 3040 ita
746 2976 843 3040 etiam
858 2997 947 3040 nunc
963 2978 1081 3061 scripto
1096 2981 1233 3062 appella-

283 3085 394 3161 vimus,
412 3083 497 3147 diem
512 3080 717 3144 Ascensiouis
736 3087 855 3144 noemae
869 3081 1103 3144 constituentes
1123 3083 1233 3146 termi-

283 3208 364 3251 num
394 3183 625 3268 appellationis.
671 3181 843 3266 Apostolos
869 3203 995 3267 quoque
1020 3183 1189 3266 postulatis
1215 3208 1235 3250 a

282 3310 345 3354 me.
384 3289 466 3354 Quae
481 3293 530 3350 est
545 3287 607 3350 ista
620 3305 728 3348 rerum
743 3285 908 3349 confusio!
955 3285 1104 3350 Judicem
1119 3308 1234 3370 agnos·

283 3393 365 3470 citis,
387 3412 407 3454 a
426 3411 489 3474 quo
508 3389 618 3472 petitis
639 3389 807 3471 apostolos,
829 3388 886 3453 sed
905 3389 1121 3453 adversarium
1144 3391 1234 3475 eligi·

283 3496 334 3574 tis,
350 3495 386 3559 in
402 3514 496 3577 quem
516 3491 640 3556 libellos
660 3490 754 3555 editis
775 3492 1008 3575 appellationis.
1053 3494 1159 3558 Nosse
1177 3517 1233 3559 au-

282 3608 348 3664 tem
365 3597 521 3662 debuerat
535 3595 708 3680 prudentia
723 3601 838 3672 vestra,
854 3595 1016 3659 neminem
1037 3596 1098 3660 sibi
1116 3597 1152 3660 in
1170 3606 1234 3662 tes·

283 3708 427 3766 tamento
443 3721 548 3783 neque
563 3699 598 3762 in
613 3699 773 3783 apostolis,
789 3719 894 3782 neque
909 3699 944 3762 in
959 3699 1095 3782 publicis
1114 3700 1235 3766 instru-

283 3806 401 3870 mentis
425 3803 562 3868 scribere
585 3802 711 3881 debere,
734 3824 831 3866 nemo
856 3803 942 3866 euim
970 3804 1030 3867 sibi
1052 3804 1153 3888 judex
1178 3812 1236 3870 aut

283 3911 384 3987 testis,
401 3915 457 3972 aut
478 3906 609 3992 publica
627 3912 733 3990 potest
755 3905 817 3968 sibi
838 3927 906 3970 esse
928 3928 1073 3989 persone.
1119 3909 1235 3973 Petitis

283 4014 380 4078 ctiam
406 4020 444 4076 ut
470 4032 528 4094 pro
554 4009 661 4073 debito
687 4009 782 4072 officii
807 4009 873 4073 mei
897 4017 1082 4073 memoratae
1107 4011 1236 4093 capellae

283 4123 403 4180 statum
419 4114 600 4178 reformem.
646 4111 688 4174 In
703 4132 767 4194 quo
786 4133 840 4174 me
858 4111 948 4194 prius
967 4111 1086 4176 instrui
1105 4133 1236 4178 necesse

283 4227 341 4296 est,
358 4240 400 4281 an
416 4216 534 4300 judicis
553 4215 692 4280 officium
713 4213 747 4276 in
768 4235 805 4277 eo
826 4213 960 4278 debeam
976 4234 1122 4278 exercere
1136 4235 1235 4297 nego·

282 4323 338 4400 tio,
355 4322 441 4404 quod
460 4322 528 4404 jam
551 4341 607 4403 per
630 4317 877 4401 appellationem
900 4339 919 4380 a
940 4338 1013 4382 mea
1034 4318 1164 4399 penitus
1186 4325 1236 4381 est
