3225 5192
408 660 474 725 256
718 674 878 719 ornarant
897 673 1048 719 rrrscorr

408 802 481 860 turn
503 794 543 857 de
565 800 680 857 caetero
701 812 794 875 posse
815 790 966 868 revocari,
980 790 1131 873 presenti
1150 788 1269 872 scripto
1287 789 1361 852 uni·

409 897 551 963 versitati
576 904 689 959 restrae
717 895 751 959 id
780 895 954 973 notificare,
979 900 1013 957 et
1038 914 1077 957 ea
1101 913 1167 976 qua
1193 890 1362 974 fungimur

409 1000 600 1065 auctoritate
614 999 803 1063 confirmare
818 996 1009 1061 curavimus.

538 1300 758 1365 EPISTOLA
781 1299 1068 1364 cmxxv-in
1085 1316 1230 1361 rosorrr.

413 1456 570 1519 Gilbertus
587 1454 649 1517 Dei
667 1454 776 1537 pratia
794 1452 1019 1515 londoniensi-r
1039 1452 1208 1532 episcopus,
1224 1450 1361 1514 monson

563 1562 678 1621 sancire
692 1556 804 1619 matris
819 1556 953 1618 ecclesie
955 1554 1053 1636 filiis,
1067 1555 1207 1617 salutem

453 1715 709 1779 Uurvrasrrrrr
732 1720 846 1777 restrae
866 1720 983 1777 notum
1004 1732 1074 1776 esse
1094 1711 1252 1788 volumus,
1275 1710 1360 1794 quod

411 1817 576 1883 Galfridus
595 1816 681 1880 filius
701 1813 889 1892 Baldewini,
904 1821 938 1879 et
957 1821 1063 1878 mater
1081 1814 1151 1897 ejus
1172 1814 1304 1877 Beatrix
1322 1812 1361 1876 de

410 1919 544 1998 Bellero,
568 1926 606 1983 ut
629 1940 669 1983 ex
695 1917 815 1983 chartis
839 1917 983 2001 ipsorum
1008 1917 1238 2000 perspeximus,
1264 1922 1360 1979 etex

410 2022 585 2087 eorundem
615 2022 687 2085 viva
714 2042 790 2084 voce
826 2017 1040 2102 probavimus,
1070 2025 1300 2083 concesserunt
1328 2026 1360 2082 et

409 2124 568 2190 dederunt
591 2124 662 2187 Deo
684 2129 717 2187 et
738 2122 893 2186 fratribus
914 2122 1081 2205 hospitalis
1104 2121 1284 2185 Jerusalem
1305 2120 1359 2184 ad-

408 2226 610 2291 vocationem
624 2225 765 2290 ecclesie
779 2225 821 2288 de
837 2225 1019 2303 Herefelde,
1034 2246 1110 2288 cum
1123 2223 1275 2289 omuibus
1288 2245 1360 2307 per-

409 2328 556 2393 tinentiis
578 2330 645 2391 suis
667 2328 702 2392 in
725 2335 915 2411 perpetuam
937 2326 1184 2411 eleemosynam,
1204 2326 1361 2409 nobisque

408 2436 684 2513 presentaverunt
706 2428 841 2491 fratrem
863 2428 1039 2492 Ricardum
1059 2428 1212 2508 'hircum
1233 2428 1270 2493 in
1291 2430 1359 2493 An·

409 2534 476 2617 glia
488 2532 637 2616 priorem,
648 2538 687 2595 ut
702 2551 848 2615 pereum
863 2530 903 2595 de
917 2538 1091 2614 personatu
1105 2532 1247 2615 praefatu
1261 2532 1359 2596 eccle·

410 2636 464 2700 aiae
483 2635 674 2720 praedictum
693 2633 850 2717 hospitale
870 2642 1030 2717 quantum
1049 2635 1091 2698 ad
1108 2636 1163 2718 jus
1183 2634 1359 2719 episeopale

409 2738 559 2822 pertinet,
588 2737 824 2801 investiremus.
880 2736 992 2802 Quum
1020 2736 1121 2820 igitur
1148 2737 1185 2801 in
1214 2738 1261 2801 eis
1290 2759 1360 2821 quar

409 2828 595 2907 necessariis
614 2862 792 2925 pauperum
812 2839 926 2904 usibus
945 2840 1160 2920 destinantur,
1174 2847 1359 2925 promptum

410 2946 522 3011 deceat
547 2954 580 3010 et
606 2944 740 3009 hilarem
765 2942 878 3007 adesse
903 2964 1106 3023 consensum,
1132 2965 1192 3008 nos
1217 2944 1358 3028 ejusdem

409 3048 574 3132 hospitalis
596 3047 786 3130 religionem
807 3047 986 3129 presertim
1007 3053 1041 3110 et
1063 3046 1288 3111 necessitatem
1312 3056 1359 3111 at·

409 3151 591 3228 tendentes,
618 3150 737 3214 dictam
763 3148 1003 3213 concessionem
1031 3158 1122 3232 grate
1152 3150 1358 3234 suscepimus,

409 3253 565 3336 facileque
580 3252 792 3337 probavimus,
808 3260 932 3317 etcum
944 3252 984 3315 R.
999 3252 1167 3337 presbyter
1182 3261 1263 3317 tunc
1276 3261 1358 3317 tem·

409 3356 495 3441 poris
511 3356 654 3439 ejusdem
674 3356 816 3421 eeclesiis
833 3376 979 3439 persona,
995 3355 1130 3420 liberam
1144 3376 1216 3419 eam
1236 3358 1272 3419 in
1290 3376 1358 3419 ma·

409 3480 471 3522 nus
497 3466 622 3523 nostras
648 3466 762 3541 sponte
786 3458 968 3537 refutasset,
994 3479 1068 3525 mox
1095 3458 1234 3524 Ricardo
1261 3458 1360 3542 priori

408 3560 611 3639 tradidimus,
637 3568 670 3624 et
695 3582 752 3644 per
781 3582 857 3625 eum
886 3561 1037 3645 hospitali
1065 3583 1124 3627 suo
1152 3571 1360 3646 personatum

410 3662 553 3747 ejusdem
569 3663 792 3727 concessimus.
837 3663 936 3730 Quod
955 3664 1032 3747 quia
1049 3672 1157 3729 ratum
1178 3673 1211 3729 et
1230 3663 1359 3729 indubi-

408 3763 507 3829 tabile
523 3765 671 3851 deinceps
686 3786 819 3831 manere
831 3768 991 3832 volumus.

726 3869 862 3952 (Desunt
876 3871 1039 3953 paaedom.)
