<?xml version="1.0" encoding="UTF-8"?>
<!DOCTYPE html PUBLIC "-//W3C//DTD XHTML 1.0 Transitional//EN"
    "http://www.w3.org/TR/xhtml1/DTD/xhtml1-transitional.dtd">
<html xmlns="http://www.w3.org/1999/xhtml" xml:lang="en" lang="en">
 <head>
  <title>
</title>
<meta http-equiv="Content-Type" content="text/html;charset=utf-8" />
  <meta name='ocr-system' content='tesseract 3.04.00' />
  <meta name='ocr-capabilities' content='ocr_page ocr_carea ocr_par ocr_line ocrx_word'/>
</head>
<body>
  <div class='ocr_page' id='page_1' title='image "./gilbertiexabbat00gilegoog_0203.png"; bbox 0 0 3225 5192; ppageno 0'>
   <div class='ocr_carea' id='block_1_1' title="bbox 367 686 997 751">
    <p class='ocr_par' dir='ltr' id='par_1_1' title="bbox 367 686 997 751">
     <span class='ocr_line' id='line_1_1' title="bbox 367 686 997 751; baseline 0.005 -3"><span class='ocrx_word' id='word_1_1' title='bbox 367 686 428 750; x_wconf 86' lang='lat'>162</span> <span class='ocrx_word' id='word_1_2' title='bbox 681 704 838 749; x_wconf 82' lang='lat' dir='ltr'>oruaaarr</span> <span class='ocrx_word' id='word_1_3' title='bbox 853 706 997 751; x_wconf 79' lang='lat' dir='ltr'>nemcom</span> 
     </span>
    </p>
   </div>
   <div class='ocr_carea' id='block_1_2' title="bbox 355 821 1356 4213">
    <p class='ocr_par' dir='ltr' id='par_1_2' title="bbox 355 821 1356 4213">
     <span class='ocr_line' id='line_1_2' title="bbox 365 821 1322 909; baseline 0.004 -23"><span class='ocrx_word' id='word_1_4' title='bbox 365 822 556 887; x_wconf 88' lang='lat' dir='ltr'>auctoritate</span> <span class='ocrx_word' id='word_1_5' title='bbox 587 821 790 887; x_wconf 79' lang='lat' dir='ltr'><strong>sancivimus.</strong></span> <span class='ocrx_word' id='word_1_6' title='bbox 839 824 884 909; x_wconf 83' lang='lat' dir='ltr'>Et</span> <span class='ocrx_word' id='word_1_7' title='bbox 912 844 956 887; x_wconf 91' lang='lat' dir='ltr'>ne</span> <span class='ocrx_word' id='word_1_8' title='bbox 985 824 1179 889; x_wconf 89' lang='lat' dir='ltr'>auctoritate</span> <span class='ocrx_word' id='word_1_9' title='bbox 1209 832 1322 890; x_wconf 87' lang='lat' dir='ltr'>nostra</span> 
     </span>
     <span class='ocr_line' id='line_1_3' title="bbox 366 926 1322 1013; baseline 0.004 -24"><span class='ocrx_word' id='word_1_10' title='bbox 366 947 497 1010; x_wconf 86' lang='lat' dir='ltr'>gravare</span> <span class='ocrx_word' id='word_1_11' title='bbox 520 926 714 1011; x_wconf 81' lang='lat' dir='ltr'><strong>quempiam,</strong></span> <span class='ocrx_word' id='word_1_12' title='bbox 735 934 792 991; x_wconf 92' lang='lat' dir='ltr'>aut</span> <span class='ocrx_word' id='word_1_13' title='bbox 818 927 885 1013; x_wconf 87' lang='lat' dir='ltr'>juri</span> <span class='ocrx_word' id='word_1_14' title='bbox 908 927 1088 1012; x_wconf 89' lang='lat' dir='ltr'>cujuspiam</span> <span class='ocrx_word' id='word_1_15' title='bbox 1112 929 1322 1013; x_wconf 80' lang='lat' dir='ltr'>praejudicare</span> 
     </span>
     <span class='ocr_line' id='line_1_4' title="bbox 365 1030 1322 1115; baseline 0.003 -21"><span class='ocrx_word' id='word_1_16' title='bbox 365 1030 541 1109; x_wconf 86' lang='lat' dir='ltr'>videamur,</span> <span class='ocrx_word' id='word_1_17' title='bbox 556 1038 626 1094; x_wconf 87' lang='lat' dir='ltr'>tam</span> <span class='ocrx_word' id='word_1_18' title='bbox 641 1030 692 1093; x_wconf 92' lang='lat' dir='ltr'>his</span> <span class='ocrx_word' id='word_1_19' title='bbox 708 1031 764 1115; x_wconf 92' lang='lat' dir='ltr'>qui</span> <span class='ocrx_word' id='word_1_20' title='bbox 779 1038 866 1111; x_wconf 90' lang='lat' dir='ltr'>sunt,</span> <span class='ocrx_word' id='word_1_21' title='bbox 877 1053 975 1115; x_wconf 90' lang='lat' dir='ltr'>quam</span> <span class='ocrx_word' id='word_1_22' title='bbox 986 1032 1061 1095; x_wconf 91' lang='lat' dir='ltr'>filiis</span> <span class='ocrx_word' id='word_1_23' title='bbox 1076 1032 1131 1115; x_wconf 91' lang='lat' dir='ltr'>qui</span> <span class='ocrx_word' id='word_1_24' title='bbox 1147 1040 1322 1097; x_wconf 82' lang='lat' dir='ltr'>nascentur</span> 
     </span>
     <span class='ocr_line' id='line_1_5' title="bbox 365 1134 1319 1219; baseline 0.002 -22"><span class='ocrx_word' id='word_1_25' title='bbox 365 1141 398 1197; x_wconf 90' lang='lat' dir='ltr'>et</span> <span class='ocrx_word' id='word_1_26' title='bbox 421 1141 597 1217; x_wconf 79' lang='lat' dir='ltr'>exsurgent</span> <span class='ocrx_word' id='word_1_27' title='bbox 619 1142 692 1218; x_wconf 90' lang='lat' dir='ltr'>post</span> <span class='ocrx_word' id='word_1_28' title='bbox 713 1156 783 1213; x_wconf 83' lang='lat' dir='ltr'>nos,</span> <span class='ocrx_word' id='word_1_29' title='bbox 800 1136 953 1219; x_wconf 71' lang='lat' dir='ltr'>prasenti</span> <span class='ocrx_word' id='word_1_30' title='bbox 972 1134 1091 1219; x_wconf 89' lang='lat' dir='ltr'>scripto</span> <span class='ocrx_word' id='word_1_31' title='bbox 1105 1143 1223 1199; x_wconf 86' lang='lat' dir='ltr'>notum</span> <span class='ocrx_word' id='word_1_32' title='bbox 1241 1135 1319 1199; x_wconf 79' lang='lat' dir='ltr'>iaci-</span> 
     </span>
     <span class='ocr_line' id='line_1_6' title="bbox 364 1238 1320 1323; baseline 0.002 -22"><span class='ocrx_word' id='word_1_33' title='bbox 364 1259 447 1317; x_wconf 89' lang='lat' dir='ltr'>mus,</span> <span class='ocrx_word' id='word_1_34' title='bbox 461 1240 626 1322; x_wconf 76' lang='lat' dir='ltr'>Rogarem</span> <span class='ocrx_word' id='word_1_35' title='bbox 642 1240 682 1305; x_wconf 90' lang='lat' dir='ltr'>de</span> <span class='ocrx_word' id='word_1_36' title='bbox 694 1242 782 1318; x_wconf 89' lang='lat' dir='ltr'>Port,</span> <span class='ocrx_word' id='word_1_37' title='bbox 795 1240 850 1323; x_wconf 90' lang='lat' dir='ltr'>qui</span> <span class='ocrx_word' id='word_1_38' title='bbox 865 1238 1034 1304; x_wconf 86' lang='lat' dir='ltr'>ecclesiam</span> <span class='ocrx_word' id='word_1_39' title='bbox 1047 1239 1150 1303; x_wconf 87' lang='lat' dir='ltr'>sancti</span> <span class='ocrx_word' id='word_1_40' title='bbox 1166 1238 1320 1303; x_wconf 84' lang='lat' dir='ltr'>Guthlaci</span> 
     </span>
     <span class='ocr_line' id='line_1_7' title="bbox 365 1340 1319 1438; baseline 0.002 -34"><span class='ocrx_word' id='word_1_41' title='bbox 365 1340 422 1438; x_wconf 73' lang='lat' dir='ltr'>diu</span> <span class='ocrx_word' id='word_1_42' title='bbox 444 1341 576 1426; x_wconf 85' lang='lat' dir='ltr'>injuste,</span> <span class='ocrx_word' id='word_1_43' title='bbox 600 1350 712 1427; x_wconf 84' lang='lat' dir='ltr'><strong>utpote</strong></span> <span class='ocrx_word' id='word_1_44' title='bbox 734 1343 835 1407; x_wconf 88' lang='lat' dir='ltr'>laicus</span> <span class='ocrx_word' id='word_1_45' title='bbox 860 1348 1022 1421; x_wconf 88' lang='lat' dir='ltr'>tenuerat,</span> <span class='ocrx_word' id='word_1_46' title='bbox 1046 1350 1080 1407; x_wconf 88' lang='lat' dir='ltr'>et</span> <span class='ocrx_word' id='word_1_47' title='bbox 1103 1342 1319 1425; x_wconf 89' lang='lat' dir='ltr'>possessiones</span> 
     </span>
     <span class='ocr_line' id='line_1_8' title="bbox 364 1444 1318 1531; baseline 0.002 -22"><span class='ocrx_word' id='word_1_48' title='bbox 364 1444 434 1529; x_wconf 83' lang='lat' dir='ltr'>ejus</span> <span class='ocrx_word' id='word_1_49' title='bbox 456 1446 590 1531; x_wconf 88' lang='lat' dir='ltr'>indigne</span> <span class='ocrx_word' id='word_1_50' title='bbox 610 1446 818 1511; x_wconf 77' lang='lat' dir='ltr'>distribuerat</span> <span class='ocrx_word' id='word_1_51' title='bbox 836 1452 1006 1530; x_wconf 88' lang='lat' dir='ltr'>peccatum</span> <span class='ocrx_word' id='word_1_52' title='bbox 1022 1446 1084 1511; x_wconf 92' lang='lat' dir='ltr'>boc</span> <span class='ocrx_word' id='word_1_53' title='bbox 1106 1445 1229 1529; x_wconf 88' lang='lat' dir='ltr'>grande</span> <span class='ocrx_word' id='word_1_54' title='bbox 1243 1467 1318 1529; x_wconf 85' lang='lat' dir='ltr'>cog·</span> 
     </span>
     <span class='ocr_line' id='line_1_9' title="bbox 364 1548 1319 1634; baseline 0.002 -23"><span class='ocrx_word' id='word_1_55' title='bbox 364 1548 500 1627; x_wconf 90' lang='lat' dir='ltr'>novisse,</span> <span class='ocrx_word' id='word_1_56' title='bbox 525 1556 558 1615; x_wconf 92' lang='lat' dir='ltr'>et</span> <span class='ocrx_word' id='word_1_57' title='bbox 584 1550 817 1633; x_wconf 85' lang='lat' dir='ltr'>inpraesentia</span> <span class='ocrx_word' id='word_1_58' title='bbox 844 1571 928 1629; x_wconf 91' lang='lat' dir='ltr'>mea,</span> <span class='ocrx_word' id='word_1_59' title='bbox 951 1557 985 1614; x_wconf 93' lang='lat' dir='ltr'>et</span> <span class='ocrx_word' id='word_1_60' title='bbox 1014 1549 1123 1614; x_wconf 86' lang='lat' dir='ltr'>fratris</span> <span class='ocrx_word' id='word_1_61' title='bbox 1155 1550 1319 1634; x_wconf 83' lang='lat' dir='ltr'>Radulphi</span> 
     </span>
     <span class='ocr_line' id='line_1_10' title="bbox 364 1650 1356 1741; baseline 0.004 -28"><span class='ocrx_word' id='word_1_62' title='bbox 364 1650 477 1715; x_wconf 89' lang='lat' dir='ltr'>decani</span> <span class='ocrx_word' id='word_1_63' title='bbox 492 1653 604 1731; x_wconf 85' lang='lat' dir='ltr'>nostri,</span> <span class='ocrx_word' id='word_1_64' title='bbox 621 1661 654 1716; x_wconf 89' lang='lat' dir='ltr'>et</span> <span class='ocrx_word' id='word_1_65' title='bbox 669 1654 897 1717; x_wconf 84' lang='lat' dir='ltr'>canonicorum</span> <span class='ocrx_word' id='word_1_66' title='bbox 910 1658 1097 1717; x_wconf 84' lang='lat' dir='ltr'>nostrorum</span> <span class='ocrx_word' id='word_1_67' title='bbox 1110 1651 1262 1735; x_wconf 89' lang='lat' dir='ltr'>Hugonis</span> <span class='ocrx_word' id='word_1_68' title='bbox 1278 1654 1319 1717; x_wconf 90' lang='lat' dir='ltr'>de</span> <span class='ocrx_word' id='word_1_69' title='bbox 1351 1736 1356 1741; x_wconf 10' lang='grc' dir='ltr'><em>Β</em></span> 
     </span>
     <span class='ocr_line' id='line_1_11' title="bbox 364 1752 1317 1839; baseline 0.005 -23"><span class='ocrx_word' id='word_1_70' title='bbox 364 1752 508 1833; x_wconf 83' lang='lat' dir='ltr'>clifford,</span> <span class='ocrx_word' id='word_1_71' title='bbox 524 1760 557 1819; x_wconf 91' lang='lat' dir='ltr'>et</span> <span class='ocrx_word' id='word_1_72' title='bbox 583 1755 719 1820; x_wconf 91' lang='lat' dir='ltr'>aliorum</span> <span class='ocrx_word' id='word_1_73' title='bbox 742 1762 812 1821; x_wconf 88' lang='lat' dir='ltr'>tam</span> <span class='ocrx_word' id='word_1_74' title='bbox 837 1756 1027 1821; x_wconf 89' lang='lat' dir='ltr'>clericorum</span> <span class='ocrx_word' id='word_1_75' title='bbox 1041 1778 1139 1839; x_wconf 90' lang='lat' dir='ltr'>quam</span> <span class='ocrx_word' id='word_1_76' title='bbox 1161 1756 1317 1821; x_wconf 85' lang='lat' dir='ltr'>laicorum</span> 
     </span>
     <span class='ocr_line' id='line_1_12' title="bbox 364 1857 1316 1942; baseline 0.005 -24"><span class='ocrx_word' id='word_1_77' title='bbox 364 1857 615 1939; x_wconf 81' lang='lat' dir='ltr'>quamplurium,</span> <span class='ocrx_word' id='word_1_78' title='bbox 631 1858 797 1926; x_wconf 86' lang='lat' dir='ltr'>ecclesiam</span> <span class='ocrx_word' id='word_1_79' title='bbox 815 1858 920 1942; x_wconf 86' lang='lat' dir='ltr'><strong>ipsam</strong></span> <span class='ocrx_word' id='word_1_80' title='bbox 936 1864 975 1921; x_wconf 92' lang='lat' dir='ltr'>ut</span> <span class='ocrx_word' id='word_1_81' title='bbox 990 1858 1107 1921; x_wconf 86' lang='lat' dir='ltr'>divinis</span> <span class='ocrx_word' id='word_1_82' title='bbox 1122 1858 1233 1922; x_wconf 87' lang='lat' dir='ltr'>officiis</span> <span class='ocrx_word' id='word_1_83' title='bbox 1248 1859 1316 1942; x_wconf 91' lang='lat' dir='ltr'>ple-</span> 
     </span>
     <span class='ocr_line' id='line_1_13' title="bbox 362 1958 1315 2044; baseline 0.004 -23"><span class='ocrx_word' id='word_1_84' title='bbox 362 1958 436 2022; x_wconf 88' lang='lat' dir='ltr'>nius</span> <span class='ocrx_word' id='word_1_85' title='bbox 452 1960 678 2043; x_wconf 82' lang='lat' dir='ltr'>assignaretur,</span> <span class='ocrx_word' id='word_1_86' title='bbox 694 1961 731 2025; x_wconf 88' lang='lat' dir='ltr'>in</span> <span class='ocrx_word' id='word_1_87' title='bbox 749 1982 851 2025; x_wconf 90' lang='lat' dir='ltr'>manu</span> <span class='ocrx_word' id='word_1_88' title='bbox 869 1968 981 2025; x_wconf 92' lang='lat' dir='ltr'>nostra</span> <span class='ocrx_word' id='word_1_89' title='bbox 999 1960 1130 2044; x_wconf 86' lang='lat' dir='ltr'>penitus</span> <span class='ocrx_word' id='word_1_90' title='bbox 1147 1961 1315 2026; x_wconf 85' lang='lat' dir='ltr'>refutasse.</span> 
     </span>
     <span class='ocr_line' id='line_1_14' title="bbox 363 2062 1318 2148; baseline 0.004 -22"><span class='ocrx_word' id='word_1_91' title='bbox 363 2062 439 2147; x_wconf 92' lang='lat' dir='ltr'>Ipso</span> <span class='ocrx_word' id='word_1_92' title='bbox 464 2062 573 2146; x_wconf 87' lang='lat' dir='ltr'>itaque</span> <span class='ocrx_word' id='word_1_93' title='bbox 604 2064 732 2147; x_wconf 89' lang='lat' dir='ltr'>Rogero</span> <span class='ocrx_word' id='word_1_94' title='bbox 762 2064 876 2129; x_wconf 85' lang='lat' dir='ltr'>devote</span> <span class='ocrx_word' id='word_1_95' title='bbox 905 2064 1117 2148; x_wconf 84' lang='lat' dir='ltr'>supplicante,</span> <span class='ocrx_word' id='word_1_96' title='bbox 1141 2066 1318 2130; x_wconf 83' lang='lat' dir='ltr'>venerabili</span> 
     </span>
     <span class='ocr_line' id='line_1_15' title="bbox 362 2166 1316 2234; baseline 0.006 -6"><span class='ocrx_word' id='word_1_97' title='bbox 362 2166 461 2229; x_wconf 88' lang='lat' dir='ltr'>etiam</span> <span class='ocrx_word' id='word_1_98' title='bbox 485 2166 584 2231; x_wconf 87' lang='lat' dir='ltr'>fratre</span> <span class='ocrx_word' id='word_1_99' title='bbox 609 2175 721 2232; x_wconf 87' lang='lat' dir='ltr'>nostro</span> <span class='ocrx_word' id='word_1_100' title='bbox 745 2167 863 2232; x_wconf 90' lang='lat' dir='ltr'>abbate</span> <span class='ocrx_word' id='word_1_101' title='bbox 887 2168 1075 2232; x_wconf 83' lang='lat' dir='ltr'>Glocestriae</span> <span class='ocrx_word' id='word_1_102' title='bbox 1097 2175 1130 2233; x_wconf 90' lang='lat' dir='ltr'>et</span> <span class='ocrx_word' id='word_1_103' title='bbox 1153 2177 1316 2234; x_wconf 87' lang='lat' dir='ltr'>conventu</span> 
     </span>
     <span class='ocr_line' id='line_1_16' title="bbox 361 2266 1316 2355; baseline 0.003 -22"><span class='ocrx_word' id='word_1_104' title='bbox 361 2266 461 2353; x_wconf 91' lang='lat' dir='ltr'>ipsius</span> <span class='ocrx_word' id='word_1_105' title='bbox 475 2269 616 2355; x_wconf 88' lang='lat' dir='ltr'>benigue</span> <span class='ocrx_word' id='word_1_106' title='bbox 631 2277 806 2350; x_wconf 87' lang='lat' dir='ltr'>aunuente,</span> <span class='ocrx_word' id='word_1_107' title='bbox 818 2270 987 2355; x_wconf 70' lang='lat' dir='ltr'>praedictas</span> <span class='ocrx_word' id='word_1_108' title='bbox 999 2272 1148 2336; x_wconf 88' lang='lat' dir='ltr'>ecclesias</span> <span class='ocrx_word' id='word_1_109' title='bbox 1161 2272 1197 2335; x_wconf 91' lang='lat' dir='ltr'>in</span> <span class='ocrx_word' id='word_1_110' title='bbox 1211 2294 1316 2336; x_wconf 90' lang='lat' dir='ltr'>unum</span> 
     </span>
     <span class='ocr_line' id='line_1_17' title="bbox 362 2374 1315 2459; baseline 0 -22"><span class='ocrx_word' id='word_1_111' title='bbox 362 2374 597 2457; x_wconf 84' lang='lat' dir='ltr'>conjunximus,</span> <span class='ocrx_word' id='word_1_112' title='bbox 614 2380 647 2439; x_wconf 89' lang='lat' dir='ltr'>et</span> <span class='ocrx_word' id='word_1_113' title='bbox 667 2375 754 2439; x_wconf 91' lang='lat' dir='ltr'>hano</span> <span class='ocrx_word' id='word_1_114' title='bbox 775 2374 904 2439; x_wconf 90' lang='lat' dir='ltr'>illarum</span> <span class='ocrx_word' id='word_1_115' title='bbox 924 2375 1189 2458; x_wconf 86' lang='lat' dir='ltr'>possessionibus,</span> <span class='ocrx_word' id='word_1_116' title='bbox 1210 2375 1315 2459; x_wconf 89' lang='lat' dir='ltr'>digni-</span> 
     </span>
     <span class='ocr_line' id='line_1_18' title="bbox 362 2475 1314 2561; baseline 0.001 -20"><span class='ocrx_word' id='word_1_117' title='bbox 362 2475 493 2556; x_wconf 87' lang='lat' dir='ltr'>tatibus,</span> <span class='ocrx_word' id='word_1_118' title='bbox 506 2484 539 2542; x_wconf 91' lang='lat' dir='ltr'>et</span> <span class='ocrx_word' id='word_1_119' title='bbox 553 2478 757 2561; x_wconf 85' lang='lat' dir='ltr'>pertinentiis</span> <span class='ocrx_word' id='word_1_120' title='bbox 769 2478 919 2543; x_wconf 92' lang='lat' dir='ltr'>omnibus</span> <span class='ocrx_word' id='word_1_121' title='bbox 930 2478 1102 2543; x_wconf 84' lang='lat' dir='ltr'>fundatam</span> <span class='ocrx_word' id='word_1_122' title='bbox 1115 2485 1149 2543; x_wconf 89' lang='lat' dir='ltr'>et</span> <span class='ocrx_word' id='word_1_123' title='bbox 1160 2478 1314 2557; x_wconf 89' lang='lat' dir='ltr'>dotatam,</span> 
     </span>
     <span class='ocr_line' id='line_1_19' title="bbox 362 2580 1313 2665; baseline 0.003 -22"><span class='ocrx_word' id='word_1_124' title='bbox 362 2586 525 2663; x_wconf 83' lang='lat' dir='ltr'>perpetuae</span> <span class='ocrx_word' id='word_1_125' title='bbox 539 2582 757 2665; x_wconf 88' lang='lat' dir='ltr'>apostolorum</span> <span class='ocrx_word' id='word_1_126' title='bbox 773 2582 863 2646; x_wconf 91' lang='lat' dir='ltr'>Petri</span> <span class='ocrx_word' id='word_1_127' title='bbox 877 2588 911 2646; x_wconf 87' lang='lat' dir='ltr'>et</span> <span class='ocrx_word' id='word_1_128' title='bbox 925 2582 1020 2646; x_wconf 89' lang='lat' dir='ltr'>Pauli</span> <span class='ocrx_word' id='word_1_129' title='bbox 1035 2589 1069 2646; x_wconf 87' lang='lat' dir='ltr'>et</span> <span class='ocrx_word' id='word_1_130' title='bbox 1088 2580 1192 2645; x_wconf 87' lang='lat' dir='ltr'>saneti</span> <span class='ocrx_word' id='word_1_131' title='bbox 1206 2581 1313 2646; x_wconf 88' lang='lat' dir='ltr'>Guth-</span> 
     </span>
     <span class='ocr_line' id='line_1_20' title="bbox 361 2682 1314 2769; baseline 0.003 -23"><span class='ocrx_word' id='word_1_132' title='bbox 361 2682 421 2747; x_wconf 85' lang='lat' dir='ltr'>laci</span> <span class='ocrx_word' id='word_1_133' title='bbox 435 2684 634 2748; x_wconf 84' lang='lat' dir='ltr'>venerationi</span> <span class='ocrx_word' id='word_1_134' title='bbox 659 2683 906 2769; x_wconf 82' lang='lat' dir='ltr'>designavimus.</span> <span class='ocrx_word' id='word_1_135' title='bbox 951 2684 997 2747; x_wconf 85' lang='lat' dir='ltr'>Et</span> <span class='ocrx_word' id='word_1_136' title='bbox 1021 2683 1097 2768; x_wconf 90' lang='lat' dir='ltr'>quia</span> <span class='ocrx_word' id='word_1_137' title='bbox 1119 2692 1314 2749; x_wconf 84' lang='lat' dir='ltr'>conventum</span> 
     </span>
     <span class='ocr_line' id='line_1_21' title="bbox 361 2786 1315 2873; baseline 0.001 -22"><span class='ocrx_word' id='word_1_138' title='bbox 361 2786 480 2853; x_wconf 89' lang='lat' dir='ltr'>ibidem</span> <span class='ocrx_word' id='word_1_139' title='bbox 494 2786 631 2855; x_wconf 77' lang='lat' dir='ltr'>fratrum</span> <span class='ocrx_word' id='word_1_140' title='bbox 642 2790 714 2853; x_wconf 91' lang='lat' dir='ltr'>Deo</span> <span class='ocrx_word' id='word_1_141' title='bbox 724 2790 932 2854; x_wconf 84' lang='lat' dir='ltr'>servientium</span> <span class='ocrx_word' id='word_1_142' title='bbox 947 2795 980 2855; x_wconf 89' lang='lat' dir='ltr'>et</span> <span class='ocrx_word' id='word_1_143' title='bbox 994 2790 1115 2854; x_wconf 89' lang='lat' dir='ltr'>ibidem</span> <span class='ocrx_word' id='word_1_144' title='bbox 1125 2790 1315 2873; x_wconf 87' lang='lat' dir='ltr'>regulariter</span> 
     </span>
     <span class='ocr_line' id='line_1_22' title="bbox 360 2893 1314 2979; baseline 0 -22"><span class='ocrx_word' id='word_1_145' title='bbox 360 2894 546 2973; x_wconf 88' lang='lat' dir='ltr'>viventium,</span> <span class='ocrx_word' id='word_1_146' title='bbox 566 2916 625 2979; x_wconf 89' lang='lat' dir='ltr'>per</span> <span class='ocrx_word' id='word_1_147' title='bbox 644 2916 779 2958; x_wconf 90' lang='lat' dir='ltr'>manum</span> <span class='ocrx_word' id='word_1_148' title='bbox 804 2893 951 2979; x_wconf 84' lang='lat' dir='ltr'>praedicti</span> <span class='ocrx_word' id='word_1_149' title='bbox 976 2894 1104 2959; x_wconf 88' lang='lat' dir='ltr'>abbatis</span> <span class='ocrx_word' id='word_1_150' title='bbox 1127 2894 1314 2958; x_wconf 84' lang='lat' dir='ltr'>Glocestriae</span> 
     </span>
     <span class='ocr_line' id='line_1_23' title="bbox 361 2996 1310 3082; baseline -0.004 -19"><span class='ocrx_word' id='word_1_151' title='bbox 361 2998 430 3063; x_wconf 89' lang='lat' dir='ltr'>Deo</span> <span class='ocrx_word' id='word_1_152' title='bbox 453 2999 643 3082; x_wconf 89' lang='lat' dir='ltr'>disponente</span> <span class='ocrx_word' id='word_1_153' title='bbox 665 2998 845 3082; x_wconf 83' lang='lat' dir='ltr'>suscepturi</span> <span class='ocrx_word' id='word_1_154' title='bbox 867 3020 989 3075; x_wconf 89' lang='lat' dir='ltr'>sumus,</span> <span class='ocrx_word' id='word_1_155' title='bbox 1004 2996 1089 3061; x_wconf 90' lang='lat' dir='ltr'>hanc</span> <span class='ocrx_word' id='word_1_156' title='bbox 1110 2997 1214 3079; x_wconf 88' lang='lat' dir='ltr'>ipsam</span> <span class='ocrx_word' id='word_1_157' title='bbox 1235 3016 1310 3079; x_wconf 91' lang='lat' dir='ltr'>apo-</span> 
     </span>
     <span class='ocr_line' id='line_1_24' title="bbox 361 3099 1313 3183; baseline -0.001 -19"><span class='ocrx_word' id='word_1_158' title='bbox 361 3102 515 3166; x_wconf 89' lang='lat' dir='ltr'>stolorum</span> <span class='ocrx_word' id='word_1_159' title='bbox 528 3107 561 3164; x_wconf 93' lang='lat' dir='ltr'>et</span> <span class='ocrx_word' id='word_1_160' title='bbox 573 3100 676 3165; x_wconf 91' lang='lat' dir='ltr'>sancti</span> <span class='ocrx_word' id='word_1_161' title='bbox 688 3100 843 3164; x_wconf 86' lang='lat' dir='ltr'>Guthlaci</span> <span class='ocrx_word' id='word_1_162' title='bbox 854 3100 1020 3164; x_wconf 89' lang='lat' dir='ltr'>ecclesiam</span> <span class='ocrx_word' id='word_1_163' title='bbox 1035 3100 1161 3183; x_wconf 81' lang='lat' dir='ltr'>praefati</span> <span class='ocrx_word' id='word_1_164' title='bbox 1176 3099 1313 3178; x_wconf 87' lang='lat' dir='ltr'>abbatis,</span> 
     </span>
     <span class='ocr_line' id='line_1_25' title="bbox 359 3203 1314 3287; baseline -0.001 -18"><span class='ocrx_word' id='word_1_165' title='bbox 359 3204 568 3287; x_wconf 90' lang='lat' dir='ltr'>omniumque</span> <span class='ocrx_word' id='word_1_166' title='bbox 584 3223 803 3269; x_wconf 85' lang='lat' dir='ltr'>successorum</span> <span class='ocrx_word' id='word_1_167' title='bbox 818 3204 888 3287; x_wconf 89' lang='lat' dir='ltr'>ejus</span> <span class='ocrx_word' id='word_1_168' title='bbox 902 3203 1105 3283; x_wconf 88' lang='lat' dir='ltr'>obedientiae,</span> <span class='ocrx_word' id='word_1_169' title='bbox 1122 3211 1155 3268; x_wconf 89' lang='lat' dir='ltr'>et</span> <span class='ocrx_word' id='word_1_170' title='bbox 1172 3204 1314 3268; x_wconf 79' lang='lat' dir='ltr'>ecclesiae</span> 
     </span>
     <span class='ocr_line' id='line_1_26' title="bbox 359 3305 1312 3390; baseline -0.005 -17"><span class='ocrx_word' id='word_1_171' title='bbox 359 3308 444 3373; x_wconf 91' lang='lat' dir='ltr'>beati</span> <span class='ocrx_word' id='word_1_172' title='bbox 467 3307 556 3371; x_wconf 90' lang='lat' dir='ltr'>Petri</span> <span class='ocrx_word' id='word_1_173' title='bbox 572 3306 758 3371; x_wconf 83' lang='lat' dir='ltr'>Glooestriae</span> <span class='ocrx_word' id='word_1_174' title='bbox 780 3306 934 3372; x_wconf 76' lang='lat' dir='ltr'>custodia</span> <span class='ocrx_word' id='word_1_175' title='bbox 954 3312 987 3369; x_wconf 89' lang='lat' dir='ltr'>et</span> <span class='ocrx_word' id='word_1_176' title='bbox 1009 3306 1212 3390; x_wconf 90' lang='lat' dir='ltr'>subjectioni,</span> <span class='ocrx_word' id='word_1_177' title='bbox 1228 3305 1312 3389; x_wconf 90' lang='lat' dir='ltr'>capi·</span> 
     </span>
     <span class='ocr_line' id='line_1_27' title="bbox 355 3408 1314 3475; baseline -0.001 -1"><span class='ocrx_word' id='word_1_178' title='bbox 355 3410 428 3475; x_wconf 90' lang='lat' dir='ltr'>tulo</span> <span class='ocrx_word' id='word_1_179' title='bbox 457 3408 598 3473; x_wconf 80' lang='lat' dir='ltr'>ecclesiae</span> <span class='ocrx_word' id='word_1_180' title='bbox 631 3414 749 3473; x_wconf 79' lang='lat' dir='ltr'>nostrae</span> <span class='ocrx_word' id='word_1_181' title='bbox 783 3410 819 3472; x_wconf 94' lang='lat' dir='ltr'>in</span> <span class='ocrx_word' id='word_1_182' title='bbox 852 3408 904 3472; x_wconf 90' lang='lat' dir='ltr'>his</span> <span class='ocrx_word' id='word_1_183' title='bbox 934 3408 1085 3472; x_wconf 91' lang='lat' dir='ltr'>omnibus</span> <span class='ocrx_word' id='word_1_184' title='bbox 1113 3409 1314 3473; x_wconf 88' lang='lat' dir='ltr'>unanimiter</span> 
     </span>
     <span class='ocr_line' id='line_1_28' title="bbox 358 3509 1314 3593; baseline -0.002 -16"><span class='ocrx_word' id='word_1_185' title='bbox 358 3512 553 3577; x_wconf 87' lang='lat' dir='ltr'>assentiente</span> <span class='ocrx_word' id='word_1_186' title='bbox 568 3511 795 3575; x_wconf 89' lang='lat' dir='ltr'>commisimus.</span> <span class='ocrx_word' id='word_1_187' title='bbox 842 3510 1048 3592; x_wconf 80' lang='lat' dir='ltr'>Quicumque</span> <span class='ocrx_word' id='word_1_188' title='bbox 1066 3530 1144 3592; x_wconf 88' lang='lat' dir='ltr'>ergo</span> <span class='ocrx_word' id='word_1_189' title='bbox 1162 3509 1224 3573; x_wconf 88' lang='lat' dir='ltr'>boc</span> <span class='ocrx_word' id='word_1_190' title='bbox 1245 3511 1314 3593; x_wconf 90' lang='lat' dir='ltr'>pie·</span> 
     </span>
     <span class='ocr_line' id='line_1_29' title="bbox 356 3611 1313 3699; baseline -0.003 -19"><span class='ocrx_word' id='word_1_191' title='bbox 356 3616 433 3681; x_wconf 88' lang='lat' dir='ltr'>tatia</span> <span class='ocrx_word' id='word_1_192' title='bbox 456 3636 537 3699; x_wconf 89' lang='lat' dir='ltr'>opus</span> <span class='ocrx_word' id='word_1_193' title='bbox 557 3614 611 3699; x_wconf 92' lang='lat' dir='ltr'>pie</span> <span class='ocrx_word' id='word_1_194' title='bbox 633 3614 842 3692; x_wconf 88' lang='lat' dir='ltr'>attenderint,</span> <span class='ocrx_word' id='word_1_195' title='bbox 858 3632 1056 3695; x_wconf 90' lang='lat' dir='ltr'>manumque</span> <span class='ocrx_word' id='word_1_196' title='bbox 1078 3611 1313 3677; x_wconf 84' lang='lat' dir='ltr'>auxiliatricem</span> 
     </span>
     <span class='ocr_line' id='line_1_30' title="bbox 357 3713 1312 3797; baseline -0.002 -14"><span class='ocrx_word' id='word_1_197' title='bbox 357 3718 399 3783; x_wconf 86' lang='lat' dir='ltr'>ad</span> <span class='ocrx_word' id='word_1_198' title='bbox 419 3719 481 3783; x_wconf 87' lang='lat' dir='ltr'>hoc</span> <span class='ocrx_word' id='word_1_199' title='bbox 499 3716 756 3782; x_wconf 88' lang='lat' dir='ltr'>confirmandum</span> <span class='ocrx_word' id='word_1_200' title='bbox 775 3736 851 3779; x_wconf 90' lang='lat' dir='ltr'>cum</span> <span class='ocrx_word' id='word_1_201' title='bbox 868 3714 957 3779; x_wconf 90' lang='lat' dir='ltr'>fideli</span> <span class='ocrx_word' id='word_1_202' title='bbox 975 3713 1144 3779; x_wconf 81' lang='lat' dir='ltr'>devotione</span> <span class='ocrx_word' id='word_1_203' title='bbox 1163 3736 1312 3797; x_wconf 85' lang='lat' dir='ltr'>porrexe-</span> 
     </span>
     <span class='ocr_line' id='line_1_31' title="bbox 356 3818 1311 3905; baseline -0.002 -19"><span class='ocrx_word' id='word_1_204' title='bbox 356 3823 432 3902; x_wconf 89' lang='lat' dir='ltr'>rint,</span> <span class='ocrx_word' id='word_1_205' title='bbox 452 3827 641 3905; x_wconf 90' lang='lat' dir='ltr'>perpetuam</span> <span class='ocrx_word' id='word_1_206' title='bbox 663 3840 735 3903; x_wconf 86' lang='lat' dir='ltr'>quae</span> <span class='ocrx_word' id='word_1_207' title='bbox 755 3818 838 3882; x_wconf 90' lang='lat' dir='ltr'>inibi</span> <span class='ocrx_word' id='word_1_208' title='bbox 859 3824 999 3903; x_wconf 73' lang='lat' dir='ltr'>agentum</span> <span class='ocrx_word' id='word_1_209' title='bbox 1020 3818 1203 3883; x_wconf 89' lang='lat' dir='ltr'>orationum</span> <span class='ocrx_word' id='word_1_210' title='bbox 1225 3840 1311 3884; x_wconf 92' lang='lat' dir='ltr'>com-</span> 
     </span>
     <span class='ocr_line' id='line_1_32' title="bbox 356 3922 1311 4008; baseline -0.003 -18"><span class='ocrx_word' id='word_1_211' title='bbox 356 3926 555 4003; x_wconf 90' lang='lat' dir='ltr'>munionem,</span> <span class='ocrx_word' id='word_1_212' title='bbox 577 3923 788 4008; x_wconf 90' lang='lat' dir='ltr'>episcopalem</span> <span class='ocrx_word' id='word_1_213' title='bbox 808 3945 828 3987; x_wconf 93' lang='lat' dir='ltr'>a</span> <span class='ocrx_word' id='word_1_214' title='bbox 849 3944 902 3986; x_wconf 90' lang='lat' dir='ltr'>me</span> <span class='ocrx_word' id='word_1_215' title='bbox 919 3922 1145 4006; x_wconf 82' lang='lat' dir='ltr'>qualicumque</span> <span class='ocrx_word' id='word_1_216' title='bbox 1169 3922 1311 3987; x_wconf 82' lang='lat' dir='ltr'>ecclesiae</span> 
     </span>
     <span class='ocr_line' id='line_1_33' title="bbox 356 4026 1311 4110; baseline -0.004 -17"><span class='ocrx_word' id='word_1_217' title='bbox 356 4029 506 4093; x_wconf 88' lang='lat' dir='ltr'>ministro</span> <span class='ocrx_word' id='word_1_218' title='bbox 533 4028 801 4106; x_wconf 89' lang='lat' dir='ltr'>benedictionem,</span> <span class='ocrx_word' id='word_1_219' title='bbox 826 4050 847 4092; x_wconf 89' lang='lat' dir='ltr'>a</span> <span class='ocrx_word' id='word_1_220' title='bbox 871 4049 998 4092; x_wconf 88' lang='lat' dir='ltr'>summo</span> <span class='ocrx_word' id='word_1_221' title='bbox 1024 4033 1134 4092; x_wconf 91' lang='lat' dir='ltr'>autem</span> <span class='ocrx_word' id='word_1_222' title='bbox 1159 4026 1311 4110; x_wconf 87' lang='lat' dir='ltr'>pontifice</span> 
     </span>
     <span class='ocr_line' id='line_1_34' title="bbox 356 4127 1308 4213; baseline -0.009 -16"><span class='ocrx_word' id='word_1_223' title='bbox 356 4131 485 4197; x_wconf 85' lang='lat' dir='ltr'>Christo</span> <span class='ocrx_word' id='word_1_224' title='bbox 497 4138 650 4197; x_wconf 80' lang='lat' dir='ltr'>aeternam</span> <span class='ocrx_word' id='word_1_225' title='bbox 665 4136 905 4213; x_wconf 85' lang='lat' dir='ltr'>consequantur</span> <span class='ocrx_word' id='word_1_226' title='bbox 918 4128 1175 4194; x_wconf 87' lang='lat' dir='ltr'>retributionem.</span> <span class='ocrx_word' id='word_1_227' title='bbox 1191 4127 1308 4191; x_wconf 88' lang='lat' dir='ltr'>Amen.</span> 
     </span>
    </p>
   </div>
   <div class='ocr_carea' id='block_1_3' title="bbox 0 0 1618 5192">
    <p class='ocr_par' dir='ltr' id='par_1_3' title="bbox 0 0 1618 5192">
     <span class='ocr_line' id='line_1_35' title="bbox 0 0 1618 5192; baseline 0 4"><span class='ocrx_word' id='word_1_228' title='bbox 0 0 1618 5192; x_wconf 95' lang='lat' dir='ltr'> </span> 
     </span>
    </p>
   </div>
  </div>
 </body>
</html>
