3225 5192
261 670 328 713 an.
347 648 546 733 1148-61.]
598 670 1087 718 nuaurouurunsrsarrsronn.
1153 654 1215 721 167

259 792 338 865 tate,
350 807 428 870 pace
439 788 507 871 jam
523 786 651 851 sublata
666 786 706 851 de
721 788 904 855 medionec
913 790 1016 856 fracta
1025 793 1090 857 cito
1104 794 1213 858 redin-

258 890 388 972 tegrari,
409 910 470 954 nec
490 888 681 955 dissidentes
701 890 877 957 admodum
895 915 1011 979 regum
1026 895 1151 961 animos
1165 897 1213 961 fa·

258 992 318 1057 eile
332 992 394 1058 sibi
413 993 577 1058 conciliari
598 1016 690 1078 posse
704 995 910 1079 speravimus.
957 997 1023 1063 Sed
1038 998 1093 1083 qui
1107 998 1213 1064 ventis

255 1096 393 1179 imperat
416 1102 449 1160 et
469 1096 551 1160 mari
570 1097 742 1179 procellam
766 1098 831 1163 cito
850 1099 886 1162 iu
905 1122 1017 1165 auram
1039 1102 1163 1182 statuit,
1179 1108 1213 1167 et

257 1220 329 1281 quae
350 1198 482 1263 turbata
505 1204 593 1278 suut,
618 1198 660 1263 ad
682 1199 768 1283 pacis
792 1198 918 1266 bonum
941 1204 1052 1268 statim
1080 1212 1119 1274 ut
1144 1206 1212 1271 vult

256 1313 366 1370 amota
379 1305 466 1369 nube
481 1304 648 1369 discordias
662 1303 834 1389 imperiosa
844 1328 908 1389 qua
922 1314 1038 1390 praeest
1052 1315 1211 1391 potestate

256 1410 423 1473 convertit.
469 1406 567 1473 Unde
587 1427 688 1491 quum
707 1428 770 1491 pax
792 1413 906 1472 nostra
924 1429 944 1471 a
963 1408 1087 1473 domini
1107 1410 1211 1473 nostri

253 1512 338 1595 regis
359 1532 438 1594 pace
458 1509 650 1595 dependeat,
666 1529 736 1593 spes
751 1509 822 1593 ipsa
835 1509 924 1593 pacis
938 1532 1037 1593 quam
1050 1513 1208 1576 aunuuci

255 1616 366 1681 atione
377 1617 447 1701 jam
461 1614 548 1680 bona
563 1614 778 1698 concepimus,
794 1614 938 1678 ecclesiae
951 1614 1108 1697 peniteret
1126 1636 1205 1698 reg-

253 1741 298 1784 no
312 1719 440 1802 Angliae
453 1718 718 1803 praeparatorium
733 1716 896 1800 quoddam
919 1716 1029 1801 gaudii
1045 1762 1209 1783 .......

249 1821 385 1905 juvante
413 1822 556 1885 Domino
585 1820 792 1885 exultationis
821 1819 958 1886 inducit.
1012 1820 1110 1888 Quod
1133 1842 1209 1886 vero

252 1926 387 2009 speciale
412 1930 461 1989 est
490 1923 532 1988 ad
560 1945 630 2001 nos,
655 1922 800 2005 sospitati
822 1929 936 1987 vestra
962 1944 1060 2006 quam
1085 1922 1208 1995 directa

250 2027 391 2092 declarat
406 2027 550 2111 epistola,
561 2026 686 2091 intimis
701 2026 967 2108 congratulamur
981 2026 1150 2091 affectibus
1163 2026 1207 2090 ob

249 2138 468 2197 conservatam
479 2130 568 2195 vobis
583 2129 850 2208 incolumitatem,
864 2129 914 2193 illi
928 2129 1049 2213 gratias
1063 2130 1204 2195 referen-

249 2241 309 2314 tes,
325 2234 382 2317 qui
401 2254 476 2298 cum
496 2233 562 2297 suis
581 2232 723 2314 benigue
743 2231 900 2315 graditur,
921 2240 956 2297 et
974 2231 1038 2295 iter
1059 2237 1091 2296 et
1113 2238 1206 2297 aetus

247 2336 390 2421 ipsorum
406 2336 520 2419 angelo
535 2336 711 2400 comitante
729 2335 944 2419 prosequitur.
988 2334 1043 2399 Ad
1062 2343 1206 2399 vestrum

248 2460 322 2505 vero
343 2442 412 2525 jam
435 2440 581 2523 suspensi
606 2446 757 2503 tenemur
780 2439 933 2516 reditum,
959 2438 1034 2521 quia
1061 2438 1205 2523 cupienti

248 2544 356 2608 animo
381 2564 549 2626 nunquam
576 2542 654 2607 satis
679 2542 823 2621 festinat,
849 2562 974 2606 moram
999 2541 1103 2624 ipsam
1128 2563 1203 2607 cum

247 2648 394 2711 molestia
419 2646 625 2725 sustinentes,
652 2651 685 2709 et
714 2652 753 2709 ut
782 2651 910 2727 optatos
935 2664 1141 2708 occurramus
1166 2644 1202 2708 in

247 2749 422 2833 amplexus,
445 2748 602 2813 adventus
623 2746 721 2811 vestri
743 2746 898 2810 nuntium
919 2744 961 2809 de
984 2744 1036 2809 die
1057 2744 1093 2807 in
1115 2743 1202 2809 diem

246 2860 410 2937 sperantes
435 2852 556 2936 pariter
580 2859 615 2916 et
644 2856 862 2935 expectantes.
906 2846 1026 2911 Valeat
1050 2846 1201 2911 dominus

247 2976 337 3020 meus
352 2961 386 3019 et
398 2954 499 3019 frater
512 2954 548 3017 iu
563 2952 693 3017 Christo
708 2950 902 3017 amissimus.

302 3272 522 3339 EPISTOLA
545 3272 790 3337 Oxilla-sn
807 3290 998 3335 unrvuusos
1014 3290 1040 3334 s.
1058 3290 1139 3334 nar.

604 3394 696 3439 accc.
715 3392 837 3439 ramos.

246 3528 376 3591 Dilectis
386 3528 446 3591 siti
457 3527 489 3591 ia
499 3526 632 3590 Domino
646 3526 797 3589 univocis
811 3530 926 3588 sanctos
940 3526 1052 3588 matris
1065 3524 1197 3587 erclearo

280 3632 370 3713 filiis,
377 3630 488 3713 frater
505 3632 543 3694 G.
559 3628 809 3713 Heresordieaarsss
827 3630 959 3694 cccksioe
977 3630 1127 3707 minister,
1146 3649 1196 3691 aa·

287 3738 378 3799 laten
394 3754 459 3817 quc
472 3740 614 3798 arsaces!
629 3740 659 3798 et
674 3755 766 3817 ptam
779 3753 940 3815 speramus
954 3754 973 3795 a
988 3733 1133 3795 Domino.

287 3885 372 3951 Qun
397 3885 464 3951 litis
486 3884 712 3968 inquietudine
736 3884 928 3967 quaudoque
953 3883 1083 3947 turbata
1107 3887 1195 3962 suut,

241 3990 341 4073 ipsius
371 3990 475 4073 sopito
504 3988 617 4052 fomite
647 3988 754 4053 denuo
782 3994 974 4051 revocantur
1002 3986 1043 4051 ad
1072 4006 1194 4069 pacem.

242 4091 325 4156 Quae
339 4089 494 4154 nimimm
512 4089 601 4153 inter
619 4088 742 4172 aliquos
763 4088 946 4167 reformata,
961 4109 1004 4151 ne
1017 4087 1110 4151 facile
1125 4086 1195 4169 qui·

240 4194 377 4259 busdmn
406 4190 646 4277 emergentibus
676 4190 779 4255 causis
809 4197 987 4269 evanescat,
1017 4199 1055 4253 ut
1091 4188 1194 4271 pactis

239 4295 392 4382 legitimis
407 4294 565 4361 firmanda
580 4301 638 4373 est,
654 4294 700 4358 sic
715 4298 748 4357 et
763 4292 949 4377 excipienda
963 4290 1089 4373 scripto,
1105 4296 1139 4352 et
1157 4290 1193 4351 in
