3225 5192
278 693 343 737 au.
364 674 561 758 llos—61]
612 694 1095 743 usasmsnssssssarrsrouu.
1163 678 1225 742 115

277 807 401 873 dictum
412 807 672 873 archidiaconum
686 808 813 891 ingenti
826 810 1061 893 postulantium
1075 811 1181 894 gratio
1193 817 1227 880 st

276 910 392 987 favore,
408 911 592 995 episcopum
606 911 813 975 consecravit.
858 912 960 997 Oujus
974 921 1008 978 et
1023 914 1177 979 doctrinae
1193 920 1227 979 et

275 1012 349 1075 vitae
363 1021 397 1077 et
411 1012 500 1075 intus
522 1018 556 1075 ct
574 1012 661 1090 foris,
675 1012 899 1079 testimonium
913 1014 1036 1081 bouum
1057 1023 1116 1094 est,
1136 1023 1171 1081 et
1191 1016 1228 1079 in

274 1115 378 1179 officio
407 1136 471 1197 quo
507 1114 700 1178 ministravit
729 1114 887 1181 hactenus
911 1118 1084 1201 conspicua
1112 1119 1225 1201 gratia.

276 1216 374 1280 Unde
389 1224 527 1280 vestram
545 1217 716 1280 reverende
735 1223 837 1299 pater,
857 1240 1023 1301 precamur
1044 1219 1226 1303 benignita-

275 1325 352 1396 tem,
367 1327 406 1383 ut
420 1318 505 1401 quod
520 1318 559 1397 ei,
576 1318 643 1382 sola
657 1319 855 1401 suffragante
873 1321 1010 1403 justitia,
1025 1320 1170 1401 debetur,
1191 1322 1227 1385 id

274 1428 394 1485 nostrae
408 1420 572 1503 parvitatis
587 1419 734 1503 precibus
748 1421 873 1485 facilius
894 1430 928 1485 et
949 1423 1123 1504 benignius
1142 1444 1226 1487 usse·

261 1528 402 1607 ‚quatuc
446 1522 562 1587 Valeat
585 1522 737 1587 sanctitas
759 1530 875 1603 vestra,
898 1524 935 1587 in
958 1524 1087 1589 Christo
1110 1524 1225 1590 dilecte

273 1634 373 1711 pater.

287 1826 508 1891 EPISTOLA
530 1824 809 1891 LXXXIX-sn
826 1848 1015 1893 uruvsasos
1030 1850 1057 1893 s.
1074 1848 1201 1893 aarum

593 1948 761 1993 ECCLBSIAE
778 1950 899 1993 rmus.

272 2083 402 2146 Dilectia
415 2082 476 2145 eibi
489 2083 524 2145 in
543 2082 668 2145 Christo
675 2081 850 2165 frutribus,
865 2082 1015 2144 univocis
1029 2086 1144 2144 sancto
1158 2102 1222 2145 otc·

313 2186 372 2247 tris
390 2185 523 2283 ecciesic
535 2183 626 2265 filiis,
641 2183 751 2264 frater
768 2186 806 2247 G.
823 2181 1071 2265 Herefcrdiemis
1089 2184 1223 2247 ecclesio

311 2287 413 2351 dictio
426 2288 592 2367 episcopus,
607 2287 781 2349 salutemet
796 2285 988 2351 dilectionem
1003 2286 1037 2349 in
1049 2286 1192 2350 Domino.
1322 2356 1326 2363 ,

315 2438 485 2501 Cassum
500 2442 614 2501 vestrae
632 2436 782 2520 presenti
797 2436 915 2520 scripto
933 2437 1147 2515 notificamus,
1163 2458 1222 2501 nos

271 2546 359 2604 certo
372 2538 593 2621 religiosarum
608 2560 817 2622 pascnmum
829 2540 1014 2621 cognovisse
1026 2539 1222 2617 testimonio,

272 2642 478 2725 presentium
491 2641 626 2705 latorem
641 2640 865 2719 Benedictum
880 2662 989 2706 coram
999 2639 1128 2723 justitia
1140 2662 1223 2723 pras·

271 2743 445 2809 decessoris
463 2744 575 2821 nostri,
590 2743 684 2808 bonae
703 2744 868 2808 memorias
886 2740 1052 2827 R[oberti]
1072 2742 1222 2843 episcopi,

271 2847 406 2931 septima
423 2846 624 2913 sacerdotum
645 2867 746 2911 manu
762 2847 897 2930 jurasse,
912 2845 1046 2909 tranem
1061 2865 1166 2923 suum,
1181 2845 1221 2908 de
1315 2911 1336 2925 ,,

270 2952 362 3035 cujus
383 2959 488 3017 morte
509 2960 677 3038 suspectus
692 2954 809 3032 dierat,
823 2952 1063 3017 machinatione
1085 2971 1146 3015 sua
1165 2958 1223 3015 aut

269 3074 437 3135 consensu,
463 3064 520 3120 aut
544 3057 721 3135 voluntate,
747 3078 916 3140 nunquam
945 3060 1083 3119 mortem
1112 3053 1219 3118 incur·

270 3157 357 3223 risse.
403 3157 479 3237 Qui,
501 3165 538 3222 ut
559 3160 654 3242 plena
680 3158 900 3223 muccentiam
923 3178 1015 3222 suam
1041 3176 1137 3239 super
1158 3154 1221 3220 hcc

269 3258 353 3325 iacto
375 3262 568 3339 ostenderet,
591 3262 627 3325 in
650 3261 822 3345 praesentia
843 3268 955 3325 nostra
975 3258 1088 3323 multis
1111 3257 1220 3322 nobis·

269 3382 343 3426 cum
367 3362 589 3443 assidentibus,
614 3363 649 3429 in
675 3365 763 3429 hunc
792 3364 891 3429 etiam
919 3360 1053 3431 modum
1078 3359 1221 3444 juravit=

270 3462 455 3529 “Parentes
480 3464 560 3543 mei·
579 3466 634 3548 qui
664 3466 705 3530 de
730 3472 834 3529 morte
858 3466 966 3530 danis
990 3463 1055 3528 mei
1081 3464 1222 3547 suspecti

270 3564 425 3637 hactenus
449 3573 526 3633 sunt
550 3566 663 3647 habiti,
687 3575 826 3633 mortem
847 3568 910 3651 ipsi
934 3588 1003 3636 non
1027 3567 1220 3632 intulerunt.

270 3668 374 3732 Nemo
389 3668 487 3732 etiam
503 3669 568 3733 mei
582 3689 680 3733 causa
697 3676 840 3734 mortem-
855 3669 917 3753 ipsi
936 3669 1141 3735 machinatas
1161 3675 1221 3745 est,

270 3770 313 3833 sic
335 3791 387 3834 me
410 3770 500 3835 Deus
522 3771 661 3855 adjuvet,
681 3778 715 3835 et
737 3772 805 3837 haec
828 3770 971 3836 sancta.'’
1017 3770 1114 3836 cuod
1131 3771 1220 3853 jnra-

270 3878 415 3936 mentum
431 3871 600 3937 duodecim
619 3874 705 3938 illico
725 3872 905 3937 sacerdotes
924 3873 961 3936 in
980 3872 1068 3936 hunc
1086 3872 1220 3935 modum

269 3974 547 4039 confirmaverunt.
591 3964 805 4040 Benedictum
828 3975 916 4041 hunc
931 3996 1028 4058 super
1041 3974 1103 4038 hac
1116 3995 1153 4037 re
1166 3994 1219 4037 ve-

268 4076 485 4160 rumjurasse,
501 4078 595 4143 nobis
615 4084 740 4142 certum
760 4086 819 4157 est,
835 4078 881 4142 sic
900 4100 960 4141 nos
980 4078 1069 4140 Deus
1089 4075 1218 4157 adjuvet
1332 4124 1335 4129 .

268 4184 301 4241 et
321 4178 390 4243 haec
412 4186 533 4245 sancta.
579 4180 676 4246 Quod
697 4202 771 4245 cum
792 4180 828 4243 in
849 4180 1021 4266 praesentia
1041 4182 1152 4241 nostra
1171 4174 1217 4237 sic

268 4287 375 4345 scum
402 4288 461 4361 cst,
491 4304 534 4347 ne
565 4282 659 4347 sulita
684 4281 834 4365 deinceps
858 4276 1094 4345 innotescentia
1118 4274 1218 4357 ipsius

716 4386 765 4446 12
