3225 5192
364 706 426 768 164
682 720 840 765 amanam
855 718 998 764 nrncorr

360 838 537 905 Theobaldi
551 838 758 923 inspeximus,
775 835 892 920 quibus
907 835 1073 900 ecclesiam
1088 835 1173 900 hanc
1187 836 1223 900 in
1237 858 1318 921 prse-

361 944 502 1008 bendam
518 941 579 1006 sibi
593 941 741 1006 collatam
760 940 859 1003 fuisse
875 946 952 1003 ante
966 940 1219 1003 transactionem
1233 940 1319 1003 inter

362 1048 567 1111 cestrensem
591 1052 624 1109 et
639 1044 891 1107 coventrensem
911 1043 1089 1120 ecclesiam,
1105 1065 1162 1126 per
1184 1064 1318 1107 manum

362 1157 482 1214 senctae
496 1148 659 1213 memoriae
676 1168 766 1231 papse
781 1146 921 1229 Eugenii
938 1146 1052 1209 initam
1068 1168 1126 1229 pro
1141 1154 1229 1211 certo
1244 1167 1317 1229 cog-

361 1254 519 1317 novimus.
557 1252 674 1315 Vuieat
688 1250 724 1314 in
739 1249 872 1313 domino
887 1249 1042 1313 sanctitas
1056 1257 1173 1327 vestra,
1189 1250 1318 1313 domine

362 1362 465 1439 pater.

381 1742 603 1809 EPISTOLA
625 1742 1111 1808 CXXV.-an1›aaocauaos
1128 1764 1303 1809 assaron-

676 1866 812 1911 nrnnsra
828 1866 1008 1909 accaasrn.

366 2014 523 2079 Gilbertuc
537 2014 598 2077 Dei
617 2014 726 2094 qratia
741 2011 992 2094 Heresordieusis
1013 2014 1181 2095 episcopas,
1198 2013 1321 2075 dilectis

405 2118 465 2181 sibi
487 2118 520 2179 in
535 2117 667 2179 Domino
682 2116 835 2179 universis
849 2116 981 2198 &melem
997 2118 1132 2179 ecclesie
1148 2116 1318 2197 parochia-

302 2230 304 2234 ’
406 2220 456 2283 aa
470 2225 500 2282 ct
507 2216 598 2299 filiis,
614 2218 754 2294 salutem,
767 2219 917 2299 qratiam,
933 2224 964 2281 et
980 2218 1225 2282 benedictionem

407 2386 507 2451 Quon
531 2408 551 2450 a
570 2386 803 2469 praedecessore
824 2391 936 2449 nostro
957 2385 1052 2449 bonae
1072 2384 1246 2463 memoriae,
1263 2385 1319 2449 do-

363 2489 453 2553 mino
469 2486 611 2553 Roberto
626 2486 782 2571 episcopo,
799 2488 840 2551 ad
860 2487 1015 2551 bonorem
1037 2487 1101 2551 Dei
1122 2494 1156 2551 et
1177 2488 1320 2551 ecclesiae

363 2598 482 2657 sanctae
498 2592 643 2655 decorem
659 2591 779 2673 pariter
790 2598 824 2654 et
834 2591 1010 2655 utilitatem
1025 2590 1196 2654 salubriter
1210 2599 1319 2654 actum

364 2702 413 2760 est
439 2702 472 2759 et
498 2701 666 2771 statutum,
693 2715 753 2758 nos
778 2694 848 2778 ejus
873 2692 993 2757 imitati
1015 2693 1160 2776 vestigia,
1186 2714 1320 2777 eaquae

363 2798 457 2863 nobis
477 2821 496 2863 a
516 2799 587 2863 Deo
608 2818 758 2861 concessa
778 2804 827 2861 est
848 2797 1041 2861 auctoritate
1060 2797 1266 2861 concedimus
1285 2805 1320 2860 et

363 2903 598 2967 confirmamus.
641 2899 804 2965 Quoniam
818 2900 930 2982 itaque
941 2900 1011 2983 jam
1025 2899 1132 2964 dictus
1146 2900 1318 2983 predeces-

364 3025 416 3068 sor
436 3011 546 3068 noster
565 3002 731 3067 ecclesiam
750 3001 838 3066 beati
858 3001 949 3065 Petri
970 3002 1005 3065 in
1027 3002 1098 3066 foro
1121 3002 1320 3066 Herefordia

363 3107 469 3183 sitam,
492 3112 525 3170 et
548 3105 715 3169 ecclesiam
738 3106 842 3169 sancti
866 3105 1021 3169 Guthlaci
1041 3106 1130 3168 intra
1150 3106 1319 3169 castellum

365 3207 565 3271 Herefordiae
581 3206 738 3271 ambitum
754 3207 934 3285 fundatam,
955 3208 990 3270 in
1011 3228 1126 3291 corpus
1146 3228 1250 3271 unum
1269 3229 1319 3271 re-

364 3309 484 3391 digere,
497 3318 530 3373 et
544 3331 644 3373 unam
658 3309 828 3373 beatorum
844 3310 1062 3393 apostolorum
1074 3310 1163 3373 Petri
1178 3317 1211 3374 et
1227 3310 1321 3373 Pauli

364 3418 398 3476 et
413 3412 516 3475 sancti
533 3412 685 3476 Guthlsci
707 3433 747 3475 ex
765 3413 835 3496 jam
850 3412 1011 3476 dictarum
1026 3412 1232 3476 ecclesiarum
1247 3434 1320 3496 poa-

365 3513 558 3579 sessionibus
573 3515 779 3593 constituere,
793 3523 828 3578 et
847 3514 883 3577 in
901 3515 973 3579 loco
989 3515 1140 3598 religioni
1154 3514 1321 3598 aptissimo

365 3623 457 3681 extra
470 3617 634 3681 civitatem
649 3617 816 3696 aedificare,
832 3626 865 3681 et
879 3618 915 3681 in
929 3640 969 3682 ea
989 3619 1221 3683 monachorum
1243 3639 1319 3682 con-

363 3725 498 3783 ventum
527 3720 707 3783 instaurare
733 3719 884 3797 decrevit,
906 3743 967 3785 nos
992 3721 1054 3785 hoc
1078 3721 1186 3804 ipsum
1210 3728 1320 3784 ratum

363 3821 531 3899 habentes,
547 3822 730 3899 annuimus,
748 3831 782 3885 et
800 3823 966 3907 jamdictae
987 3824 1130 3887 ecclesiae
1151 3823 1320 3887 beatorum

365 3924 454 3988 Petri
469 3934 502 3988 ct
518 3924 611 3988 Pauli
631 3930 664 3987 et
684 3926 787 3988 sancti
803 3926 957 3990 Guthlaei
972 3946 1085 3989 omnes
1105 3928 1320 4009 possessiones

365 4033 398 4092 et
419 4026 593 4107 dignitates
613 4035 646 4089 et
667 4026 842 4109 libertates,
858 4050 878 4091 a
887 4028 1054 4111 jamdictis
1075 4029 1201 4092 duabus
1219 4028 1319 4092 eccie-

365 4130 419 4193 siis
434 4130 601 4193 retroactis
621 4130 820 4212 temporibus
840 4130 977 4209 habitas,
993 4139 1026 4194 et
1047 4130 1106 4193 sibi
1128 4130 1319 4215 ajarndicto

364 4232 596 4315 praedecessore
610 4238 721 4295 nostro
736 4234 941 4298 confirmatas
955 4233 1171 4311 concedimus,
1186 4242 1220 4297 et
1239 4253 1319 4315 pras-

366 4334 451 4398 senti
465 4335 584 4419 scripto
599 4341 632 4399 et
647 4334 745 4417 sigilli
758 4336 862 4399 nostri
877 4336 1094 4415 attestatione,
1109 4334 1197 4399 utin
1208 4357 1319 4428 perpe-
