3225 5192
247 703 531 786 naalol-se]
583 725 831 767 ronconiensis
849 725 1025 767 arisrouu.
1082 752 1086 761 .
1136 709 1200 769 323

247 845 311 916 tur,
328 839 523 902 donantibus
539 860 604 902 non
621 849 767 922 pereunt,
782 838 883 901 immo
903 839 944 902 ad
964 846 1093 902 oeternae
1109 839 1200 902 retri-

249 942 390 1007 butionis
413 943 546 1026 gloriam
571 951 811 1020 conservantur,
836 951 869 1006 et
895 943 1122 1025 temporalium
1148 944 1202 1026 pia

247 1046 376 1129 largitio
407 1046 503 1110 vitam
533 1053 688 1110 aeternam
717 1052 879 1128 operatur.
934 1046 1033 1109 Unde
1066 1068 1126 1109 nos
1162 1046 1201 1109 de

247 1149 360 1212 salutis
374 1157 488 1213 vestrae
507 1149 652 1232 profectu
672 1148 809 1225 solliciti,
824 1149 1014 1232 propensius
1032 1148 1199 1211 caritatem

247 1259 386 1315 vestram
407 1251 613 1315 exhortamur
626 1251 662 1314 in
678 1250 829 1328 Domine,
845 1251 999 1334 quatinus
1014 1251 1075 1334 piis
1091 1271 1201 1335 opera·

246 1354 388 1420 tionibus
417 1354 582 1438 providere
611 1353 816 1437 indulgeatis,
842 1361 881 1418 ut
911 1354 951 1417 de
981 1353 1075 1418 bonis
1102 1353 1201 1432 vobis,

246 1458 455 1542 permittente
476 1458 617 1524 Domino
635 1457 801 1536 concessis,
818 1457 895 1521 dum
916 1463 1044 1540 tempus
1064 1456 1200 1535 habetis,

246 1562 325 1626 dum
344 1562 429 1642 licet,
445 1562 634 1627 aeternitatis
648 1561 789 1625 fructum
806 1561 1002 1626 mereamini.
1047 1561 1118 1625 Nos
1140 1562 1200 1626 ita·

246 1687 308 1748 que
323 1665 511 1730 ancillarum
527 1664 658 1743 Christi,
675 1663 747 1729 Deo
762 1673 795 1728 et
810 1664 1003 1729 beatissimae
1022 1663 1138 1728 Mariae
1156 1663 1198 1727 de

245 1769 499 1834 Northamtonia
520 1769 643 1853 jugiter
669 1767 887 1847 servientium,
910 1769 1047 1850 egestati
1073 1788 1200 1850 compa-

245 1875 373 1954 tientes,
396 1897 557 1957 rogamus,
580 1895 759 1952 monemus,
785 1881 818 1938 et
847 1895 903 1938 vos
931 1873 1140 1942 exhortamur
1165 1874 1200 1936 in

247 1975 398 2052 Domino,
415 1983 453 2040 ut
473 1996 547 2040 cum
568 1976 683 2040 advos
704 1975 853 2040 venerint
873 1997 966 2040 suam
985 1983 1200 2060 proponentes

246 2079 417 2158 miseriam,
434 2101 486 2144 eas
504 2078 676 2163 benignius
699 2078 890 2162 suscipiatis,
904 2085 939 2143 et
954 2078 995 2143 de
1008 2079 1201 2143 facultatum

245 2191 423 2248 vestrarum
446 2183 547 2266 copia,
568 2203 679 2248 earum
701 2183 855 2250 relevetis
873 2181 1025 2268 inopiam,
1040 2191 1078 2247 ut
1100 2182 1200 2247 bono-

213 2319 216 2326 ·
247 2307 319 2349 rum
345 2308 417 2370 quae
441 2293 509 2350 tam
534 2287 570 2350 iu
596 2295 707 2351 nostra
731 2309 828 2370 quam
854 2309 914 2351 sua
938 2287 1032 2366 fiunt,
1057 2283 1199 2366 ecclesia,

246 2395 376 2452 auctore
391 2389 533 2454 Domino
548 2389 618 2452 sitis
634 2388 826 2472 participes..
844 2390 971 2456 Valcte.

382 2698 603 2763 EPISTOLA
626 2697 899 2763 ccxxxu-un
917 2720 1061 2764 uosouu.

249 2849 286 2914 G.
302 2850 363 2913 Dei
381 2851 490 2933 pratia
510 2849 734 2940 Laudationis
754 2851 923 2933 miecopar,
939 2850 1061 2914 dilectis
1081 2852 1143 2916 eibi
1164 2851 1198 2914 iu

286 2955 428 3029 Domino,
449 2953 687 3032 archidiaconia,
708 2955 844 3033 decana,
866 2960 897 3018 et
921 2953 1069 3034 omaidrcn
1088 2955 1143 3038 qai
1165 2959 1198 3017 iu

287 3057 463 3138 epucopatu
478 3057 685 3120 mannam
704 3058 884 3136 ornament,
899 3058 1098 3121 ecclesiaram
1113 3077 1196 3139 prc-

288 3159 370 3236 lotia,
385 3159 525 3236 aetatem,
538 3161 688 3241 gratiam,
704 3164 734 3223 et
749 3159 997 3224 benedictionem

287 3307 449 3371 Novium
472 3307 600 3374 dilectio
622 3315 736 3390 vestra,
753 3310 839 3394 quod
859 3312 899 3375 R.
920 3311 1054 3376 clericus
1076 3310 1116 3374 de
1135 3311 1196 3374 Ar-

245 3410 318 3490 del’,
334 3411 498 3476 ecclesiam
514 3413 555 3477 de
570 3412 680 3477 Ardel’
695 3414 731 3478 in
745 3435 863 3478 manus
877 3422 1004 3479 nostras
1017 3423 1087 3481 tam
1102 3435 1197 3498 spon·

244 3520 338 3579 tanee
359 3536 456 3598 quam
476 3516 622 3582 absolute
641 3517 826 3601 resignavit,
843 3539 940 3602 seque
956 3517 1042 3601 quod
1060 3518 1143 3581 nihil
1162 3517 1197 3581 in

244 3637 282 3680 ea
299 3618 382 3700 juris
404 3619 539 3683 ulterius
561 3627 646 3684 esset
668 3619 874 3703 repetiturus,
898 3617 1090 3700 interposita
1107 3619 1196 3701 jura-

244 3721 346 3784 menti
367 3721 532 3805 religione,
548 3721 711 3805 obligavit.
757 3721 865 3786 Quam
881 3742 940 3786 nos
955 3721 1112 3805 petitione
1127 3721 1197 3804 qui-

244 3823 318 3887 dem
340 3831 373 3888 et
395 3825 643 3909 praesentatione
663 3823 817 3904 advocati,
834 3824 952 3889 dilecto
972 3822 1140 3889 nostro‘G.
1157 3824 1197 3889 de

245 3927 329 4007 Sur',
345 3949 419 3992 oum
439 3931 528 3992 omni
547 3929 736 4012 integritate
755 3950 815 3992 sua
835 3935 993 4013 perpetuo
1012 3927 1196 3993 habendam

243 4037 276 4094 et
298 4031 451 4096 canonice
473 4031 699 4116 possidendam
719 4032 946 4110 concessimus,
968 4030 1139 4114 ipsumque
1160 4031 1196 4093 in

243 4151 282 4196 ea
295 4153 466 4215 personam
481 4132 591 4197 debita
606 4133 801 4198 solennitate
817 4133 1053 4199 constituimus.
1100 4133 1197 4198 Quod

243 4235 318 4319 quia
339 4237 372 4298 in
397 4235 530 4299 dubium
554 4235 715 4315 nolumus,
732 4243 788 4300 aut
809 4237 845 4300 in
867 4237 996 4301 irritum
1018 4236 1059 4300 de
1080 4244 1196 4303 caetero

242 4359 334 4422 posse
348 4341 499 4419 revocari,
515 4340 667 4424 praesenti
681 4339 799 4423 scripto
814 4340 1017 4405 universitati
1031 4349 1145 4405 vestrae
1162 4341 1195 4404 id
1318 4396 1322 4402 .

689 4446 747 4506 r2
