3225 5192
238 722 302 765 an.
321 702 519 785 llos-61]
563 720 859 767 nrnrrcrnrrusur
875 724 1052 768 srrsronn.
1122 703 1185 768 123

238 839 379 917 scentia,
400 836 574 903 liberalitas
596 838 776 917 amabilem,
791 847 826 903 et
849 839 890 903 ab
910 840 980 923 ipen
997 838 1105 903 reddit
1125 840 1188 904 ori·

239 941 310 1030 gine
325 942 422 1025 stirps
437 962 592 1023 generosa
605 942 827 1005 clarissimum.
854 942 962 1008 Quem
974 960 1075 1026 quum
1086 941 1190 1007 adsui

237 1045 378 1127 regimen
399 1045 571 1128 diligenter
590 1053 624 1108 et
643 1052 735 1108 vocet
756 1052 789 1109 et
809 1052 972 1128 exspectet
993 1046 1136 1123 ecclesie,
1151 1045 1190 1123 si,

239 1147 322 1230 quod
341 1147 435 1226 absit,
451 1148 513 1211 iste
531 1146 709 1230 repellitur,
724 1147 877 1231 injuriam
894 1148 979 1212 hano
997 1148 1075 1211 laesa
1087 1146 1191 1210 virtus

239 1248 413 1327 erubescet,
428 1256 461 1313 et
477 1250 607 1332 querele
622 1249 798 1313 dicentium
813 1250 884 1313 sine
901 1270 999 1313 eausa
1016 1249 1190 1334 justificavi

239 1372 425 1430 cormeum,
439 1359 475 1416 et
494 1352 556 1431 lassi
576 1352 662 1415 iuter
676 1352 864 1417 innoeentes
879 1373 995 1415 manus
1008 1372 1107 1432 mens,
1122 1372 1191 1416 nou

238 1454 399 1517 modicum
414 1461 520 1519 sumet
537 1454 785 1519 incrementum.
830 1456 919 1538 Agat
937 1457 1047 1539 itaque
1065 1462 1191 1539 aposto-

239 1557 298 1620 lice
315 1556 505 1636 sublimitas,
522 1564 597 1639 agat
614 1565 716 1641 pater,
731 1557 820 1621 unde
839 1557 901 1621 sibi
915 1558 1097 1640 Anglorum
1115 1579 1191 1622 oon·

241 1660 419 1743 mandetur
442 1666 474 1723 et
496 1658 670 1742 applaudat
694 1655 845 1722 ecelesia:
868 1659 934 1722 fine
959 1658 1045 1723 bono
1069 1658 1192 1723 bonum

241 1768 439 1827 consummet
457 1762 598 1825 initium.
645 1760 794 1836 Honoret
813 1761 936 1825 honore
955 1760 1192 1844 dignissimum,

240 1866 326 1929 utin
340 1866 491 1949 praesenti
509 1863 571 1927 sibi
593 1864 673 1943 leus,
689 1864 724 1927 iu
743 1864 854 1928 futuro
874 1871 1048 1948 reponatur
1062 1871 1095 1928 et
1108 1886 1191 1947 prae-

240 1966 350 2046 mium,
366 1973 400 2033 et
420 1968 523 2031 sciant
543 1966 618 2051 quia
641 1986 757 2031 manus
776 1973 835 2029 tua
856 1966 936 2045 haec,
952 1973 985 2030 et
1004 1972 1042 2030 tu
1062 1966 1193 2030 domine

241 2070 340 2135 fecisti
363 2092 445 2135 eam.
490 2070 533 2133 Iu
555 2068 690 2152 longum
714 2076 820 2133 vestra
843 2075 1049 2133 conservetur
1068 2068 1191 2133 ineolu-

242 2175 344 2254 mites,
360 2176 395 2238 in
411 2174 541 2239 Christo
556 2174 672 2238 dilecte
686 2179 787 2257 pater.

402 2480 622 2547 Erlsronu
645 2481 858 2545 xcvi-sn
874 2502 1030 2546 nonnam.

243 2634 335 2697 Patri
348 2650 403 2695 ecc
418 2640 448 2697 et
463 2632 584 2695 domiuo
594 2652 710 2695 summo
718 2632 863 2713 pontifici
877 2632 918 2695 Ε.
926 2631 1035 2713 frater
1046 2633 1084 2695 G.
1094 2632 1194 2696 Here·

177 2780 180 2788 ι
277 2736 449 2816 sordieno’m
472 2735 603 2798 ecclesie
622 2736 770 2813 minister,
786 2738 841 2815 pie
858 2736 1025 2798 salutantis
1040 2734 1194 2817 offertum,

284 2845 314 2901 et
328 2839 485 2900 humiliter
499 2836 689 2919 obsequentis
703 2832 845 2921 officim.

285 2990 316 3052 A
340 3008 593 3050 rrrnonurroun
619 2988 778 3051 malorum
800 2993 834 3051 et
856 2984 965 3049 dolore
990 2984 1032 3049 ad
1056 2993 1194 3050 vestram

243 3099 333 3175 pater
347 3089 552 3155 serenitatem
564 3088 923 3172 ecclesialtadiugensis
935 3090 1091 3173 confugit.
1113 3086 1195 3153 Inde
1306 3125 1310 3134 ·

243 3194 303 3259 sibi
317 3215 458 3277 sperans,
475 3199 708 3276 expectansque
722 3194 903 3256 remedium
916 3191 975 3257 ubi
993 3190 1061 3255 laesi
1076 3192 1194 3275 quique

242 3297 302 3361 sibi
325 3296 504 3379 gloriantur
527 3316 594 3359 non
620 3296 729 3359 deesse
754 3296 915 3359 solatium.
962 3293 1043 3359 Haec
1066 3294 1195 3379 inipso

244 3400 438 3463 diversarum
463 3398 556 3481 regni
581 3398 684 3462 nostri
709 3397 850 3480 portium
878 3398 982 3461 limite
1008 3398 1195 3476 constituta,

244 3503 409 3585 utriusque
423 3502 459 3565 in
474 3502 611 3565 alterum
629 3501 755 3585 jamdiu
770 3500 923 3564 sustinuit
938 3501 1089 3583 impetus,
1105 3509 1138 3565 et
1154 3500 1194 3565 ab

244 3604 320 3687 ipsis
339 3604 497 3667 bellorum
514 3603 615 3666 initiis
634 3623 693 3685 per
707 3605 776 3687 ejus
793 3604 875 3669 fines
890 3602 1013 3666 exstitit
1026 3603 1196 3685 utriusque

243 3706 278 3767 in
300 3706 438 3769 ultorum
459 3705 616 3768 transitus
638 3711 671 3769 et
700 3725 873 3788 regressus.
919 3703 1018 3768 Unde
1045 3711 1113 3767 tam
1143 3704 1195 3768 in-

245 3808 363 3871 cendiis
394 3828 491 3891 quam
524 3808 611 3871 crede
645 3828 776 3871 suorum
806 3808 985 3885 debilitata,
1015 3806 1195 3890 direptione

246 3930 353 3973 rerum
376 3916 445 3997 tarn
469 3910 636 3975 mobilium
657 3932 752 3994 quam
774 3910 990 3974 immobilium
1010 3910 1195 3989 imminuta,

247 4034 344 4095 quum
355 4014 423 4096 jam
435 4013 540 4077 multa
550 4014 584 4076 in
596 4014 738 4079 medicos
752 4013 799 4076 nil
812 4020 945 4097 agentes
956 4013 1143 4096 erogaverit,
1154 4012 1196 4075 ad

246 4115 340 4179 vestri
357 4115 517 4179 fimbriam
531 4115 716 4180 vestimenti
736 4124 887 4200 properat
906 4123 939 4181 et
959 4116 1109 4191 decurrit,
1126 4134 1195 4196 spe-

245 4236 318 4279 rans
333 4216 409 4279 iude
423 4216 574 4295 remedie,
590 4217 678 4281 unde
691 4218 791 4281 virtus
806 4217 873 4282 exit
888 4238 959 4300 quae
974 4221 1065 4280 curat
1079 4213 1194 4277 aliena.

247 4316 341 4383 Uude
352 4340 462 4402 preces
477 4319 668 4384 sublimitati
679 4328 794 4385 vestrae
809 4319 925 4384 humili
940 4316 1109 4382 devotione
1122 4334 1195 4397 por-
