3225 5192
208 703 211 710 '
260 705 332 756 aa).
351 685 546 768 nol-sa]
594 701 845 748 nounourrusrs
862 701 1039 747 srrsronn.
1149 681 1213 745 805

266 824 390 890 acribus
405 823 555 888 adversus
570 841 660 886 veros
675 819 823 886 dominos
840 839 899 903 per
916 817 1126 883 interdictum
1140 816 1215 881 sub-

265 927 376 1005 reniri,
388 933 422 990 et
435 926 540 990 multa
553 925 590 988 in
603 924 692 995 huuc
705 922 840 988 modum
855 942 928 1005 quae
940 921 1029 1004 leges
1044 920 1215 998 affirmant,

263 1029 459 1094 'confirmant
477 1028 606 1092 decreta
628 1033 661 1090 et
683 1025 806 1110 optima
826 1031 1037 1108 utrorumque
1058 1023 1217 1107 interpres
1241 1094 1245 1103 ,

192 1147 200 1161 ·
265 1131 464 1196 consuetudo
489 1128 703 1207 commendat,
728 1149 800 1212 quae
825 1127 901 1192 licet
924 1127 960 1191 in
985 1133 1131 1191 nostram
1153 1126 1217 1189 for-

126 1225 138 1262 “’
216 1289 224 1300 .
266 1241 350 1298 tasse
365 1233 607 1298 dissimulentur
620 1231 783 1316 injuriam,
797 1237 938 1294 vestram
952 1237 1064 1295 tamen
1077 1231 1218 1313 pruden-

150 1372 173 1416 ι,
265 1336 345 1400 tiam
371 1336 487 1400 sumus
513 1356 581 1398 non
606 1335 765 1416 ignorare.
810 1334 912 1398 Nunc
936 1353 1011 1397 vero
1037 1332 1112 1416 quia
1136 1333 1219 1397 nihil

146 1455 152 1466 ·
238 1481 244 1495 ·
266 1437 352 1519 quod
372 1437 474 1501 amico
494 1434 622 1519 possitis
642 1433 826 1513 concedere,
846 1433 940 1498 nobis
958 1440 998 1497 ut
1016 1441 1122 1497 restra
1141 1455 1217 1498 con-

266 1538 360 1602 clusit
382 1537 493 1615 oratio,
514 1535 611 1600 vultis
633 1535 797 1599 ullatenus
819 1555 948 1618 negare,
966 1536 1052 1618 quod
1073 1557 1134 1601 nec
1155 1536 1217 1600 ini·

191 1665 194 1672 ·
266 1638 348 1702 mico
370 1637 556 1721 negandum
576 1645 634 1715 est,
654 1636 739 1702 diem
752 1637 918 1717 uidelicet,
938 1638 1056 1715 locum,
1072 1646 1106 1703 et
1128 1639 1218 1704 audi·

153 1761 158 1770 ·
266 1740 386 1804 entiam
401 1739 533 1824 dejectis
547 1739 665 1803 nostris
679 1739 822 1822 petimus
836 1740 989 1805 exhiberi.

410 2055 633 2121 EPISTOLA
656 2055 897 2122 ccxlv-in
913 2077 1068 2121 neuneu.

267 2208 418 2271 Dominus
438 2207 663 2271 Londoniecsis
685 2207 806 2271 domino
825 2206 1069 2290 Herefordieasi,
1091 2209 1220 2273 odmen

425 2315 454 2374 el
470 2311 605 2374 debitum
619 2331 698 2374 cerae
713 2311 887 2376 dilectionis
902 2311 1056 2394 affectum.

308 2461 455 2524 Vuanos
478 2461 519 2525 ad
541 2461 681 2525 amicum
705 2462 862 2526 molestus
886 2470 1034 2545 precator
1059 2462 1219 2541 accedere,

265 2572 299 2628 et
314 2563 354 2626 ab
369 2585 409 2628 eo
424 2564 595 2647 quicquam
609 2563 699 2627 uude
711 2563 762 2628 vel
775 2558 813 2627 in
827 2563 953 2628 modico
968 2571 1135 2631 moveatur
1151 2565 1219 2628 axi-

266 2687 349 2749 gere.
395 2667 519 2730 Verum
548 2688 649 2749 quum
678 2666 782 2755 digne·
805 2666 1095 2734 commendabilem
1129 2667 1219 2730 illam

265 2776 378 2835 vestrae
397 2769 517 2834 mentis
535 2769 671 2834 attendo
690 2769 892 2849 modestiam,
909 2792 998 2854 spem
1013 2779 1123 2836 mente
1143 2792 1219 2836 con·
1332 2810 1340 2824 ·

267 2872 358 2956 cipio,
382 2881 420 2937 ut
443 2872 585 2955 benigne
609 2873 794 2937 sustineatis
819 2873 968 2953 amicum,
993 2882 1027 2938 et
1051 2875 1078 2938 si
1101 2895 1222 2957 magua

266 2977 442 3052 petentem,
453 2991 509 3034 vos
523 2977 634 3034 tamen
650 2971 878 3054 adpetitiones
893 2972 1052 3056 ejusmodi
1066 2972 1127 3036 sibi
1142 2973 1218 3038 offe-

265 3073 381 3137 rendas
402 3080 530 3138 etcum
551 3073 710 3138 Dominus
731 3074 1007 3156 opportunitatem
1029 3075 1162 3155 dederit,
1178 3075 1219 3140 ab

265 3175 335 3258 ipso
355 3175 503 3239 alacriter
522 3175 747 3254 exaudiendas,
771 3176 842 3260 ipsa
864 3179 967 3261 precis
990 3177 1125 3242 audacia
1145 3199 1219 3262 pro-

266 3283 445 3340 vocantem.
491 3277 704 3343 Quorundam
726 3278 884 3343 relatione
898 3279 996 3342 didici
1010 3280 1219 3363 Radulphuru

264 3379 307 3442 de
329 3377 490 3459 Lideberi,
511 3380 663 3444 clericum
684 3387 828 3444 vestrum
848 3380 883 3444 id
904 3380 1023 3445 habere
1044 3381 1162 3444 mentis
1185 3391 1218 3446 et

265 3481 429 3566 propositi,
443 3489 482 3547 ut
502 3483 710 3566 praebendam
730 3505 828 3567 quam
849 3483 947 3548 habet
969 3483 1004 3547 iu
1026 3483 1158 3547 eculeus
1178 3483 1219 3548 de

268 3585 468 3664 Herefordia,
492 3585 527 3648 in
553 3607 657 3653 manu
679 3595 785 3651 vestra
809 3587 974 3670 resignare
999 3587 1167 3666 desideret,
1192 3588 1220 3650 ai

267 3709 356 3771 spem
371 3695 484 3752 tamen
501 3687 652 3754 habuerit
671 3696 709 3754 ut
730 3709 800 3754 eam
820 3689 857 3753 in
872 3691 1053 3755 Hearicum
1068 3697 1221 3774 nepotem

267 3811 378 3854 meum
392 3791 538 3856 conferre
552 3790 786 3856 benevolentiae
799 3799 914 3858 vestrae
934 3793 1101 3877 placuerit.
1147 3790 1221 3856 Hoc

267 3892 376 3976 itaque
399 3900 448 3958 est
470 3893 557 3977 quod
578 3894 716 3979 postulo,
732 3894 820 3978 quod
839 3895 876 3959 in
897 3895 1077 3961 affecfiouis
1098 3895 1220 3979 experi-

268 4003 416 4060 mentum
432 4004 465 4061 et
480 3998 624 4063 caritatis
639 4004 851 4082 augmentum
864 3999 959 4064 nobis
973 3999 1117 4064 exhiberi
1139 3998 1220 4062 desi-

269 4097 357 4164 dero.
404 4098 501 4165 Quod
516 4101 544 4165 si
556 4099 646 4164 vobis
660 4101 697 4164 in
711 4101 819 4184 aliquo
832 4102 1005 4170 molestum
1022 4100 1219 4178 intellexero,

266 4201 394 4284 abipsa
408 4223 538 4286 prorsus
553 4203 771 4286 postulatione
785 4205 909 4269 recedo.
939 4206 1056 4274 Valeat
1070 4202 1220 4267 dominus

267 4309 300 4366 et
316 4304 438 4369 amicus
453 4305 488 4368 in
503 4305 634 4371 Christo
648 4306 841 4371 carissimus.

733 4429 754 4471 x
