3225 5192
312 1091 346 1184 p

383 661 406 722 8
462 653 489 710 ·‘
611 649 1112 728 -orucnsrrrourorunssrrs''
1182 655 1210 697 '-

391 807 395 815 ¹
425 816 435 852 l

397 980 624 1058 EPIS'DOLA
650 981 809 1046 Ine—sn
837 1003 1022 1047 urunrcurr
1047 1001 1318 1048 wrsrorrsrsuu

628 1106 825 1166 ruscorum,
843 1108 905 1150 rs.
923 1107 1094 1150 nrosruu.

380 1233 475 1320 Pa'tre
495 1274 550 1321 aa
572 1263 602 1320 et
624 1259 756 1322 nomano
777 1259 820 1322 H.
840 1259 1043 1324 cantasse
1061 1259 1126 1322 nes
1142 1259 1256 1343 pratia
1275 1259 1341 1341 epa

424 1380 514 1442 scopo
536 1366 568 1423 et
590 1361 713 1424 Sanctae
734 1361 817 1424 sedis
838 1363 1024 1444 Apostob'coe
1046 1364 1157 1444 Iapeto,
1171 1361 1281 1442 frater
1297 1361 1338 1424 G.

426 1465 558 1528 ecclesie
581 1463 663 1526 beati
681 1465 774 1527 Petri
795 1465 973 1528 Gtoccstrtoe
995 1466 1097 1528 dictus
1117 1464 1224 1543 abbas,
1244 1465 1340 1528 totius

365 1579 376 1598 ·
426 1565 603 1628 obedientia
618 1571 655 1630 ct
663 1566 809 1628 cecitatis
824 1565 1009 1652 obsequium.

426 1716 596 1783 Quormss
623 1716 809 1782 discretioni
832 1723 956 1797 restrae,
980 1719 1016 1782 in
1039 1719 1171 1784 Christo
1192 1717 1339 1784 amabilis

379 1825 481 1904 pater,
504 1819 684 1884 sollicitudo
708 1820 916 1885 ecclesiarum
937 1822 1001 1887 Dei
1025 1822 1182 1888 laudabili
1201 1823 1337 1888 circnm-

381 1922 543 2006 spectione
572 1921 744 1987 commissa
773 1930 832 2002 est,
856 1924 930 1990 ideo
953 1947 1049 2009 super
1072 1926 1133 2003 bis,
1158 1947 1230 2009 quc
1251 1927 1338 1990 iuter

382 2025 562 2090 Dominum
588 2021 872 2092 Herefordiensem
901 2035 934 2092 et
960 2028 1139 2093 Dominum
1168 2029 1337 2108 Milonem,

382 2127 527 2212 ejusdem
549 2127 687 2192 civitatis
705 2129 866 2193 Comitem
888 2138 962 2195 acta
982 2138 1069 2209 sunt,
1089 2132 1246 2215 quaedam,
1266 2153 1338 2216 quse

381 2232 422 2295 ad
436 2251 496 2294 nos
512 2237 668 2314 spectant,
684 2237 798 2295 vestrae
814 2230 991 2314 diligentiae
1009 2233 1225 2316 designamus.
1263 2233 1337 2297 Dis·

381 2334 536 2398 senticnis
550 2335 660 2418 itaque
674 2334 762 2397 inter
772 2354 837 2412 eos,
848 2334 962 2397 multis
971 2333 1211 2416 emergentibus
1221 2334 1336 2413 causis,

381 2457 432 2500 res
456 2457 494 2500 eo
512 2437 645 2501 tandem
664 2437 823 2520 producta
841 2442 890 2500 est
910 2442 948 2499 ut
967 2434 1128 2500 Dominus
1150 2437 1337 2500 Herefordi-

381 2539 467 2603 ensis
491 2539 610 2604 Domiti
632 2540 694 2624 ipsi
719 2539 859 2622 suisque,
879 2539 942 2603 toti
964 2537 1063 2602 etiam
1086 2537 1209 2601 civitati
1233 2536 1337 2602 Here-

381 2641 534 2706 fordieusi
544 2642 653 2706 divina
662 2641 865 2706 interdixerit
876 2647 1086 2704 sacramenta.
1109 2639 1209 2704 Unde
1218 2640 1335 2705 Comes

381 2766 449 2809 non
467 2746 576 2810 miuus
594 2747 715 2830 pietate
736 2766 832 2828 quam
852 2743 1043 2808 necessitate
1058 2744 1251 2826 compulsus,
1267 2750 1336 2808 tam

380 2847 474 2913 nobis
494 2871 592 2933 quarn
611 2849 723 2913 multis
746 2848 816 2912 aliis
840 2846 1054 2924 adstantibus,
1081 2866 1149 2910 sese
1172 2847 1233 2929 ipsi
1254 2867 1335 2931 prae-

368 2953 519 3041 'sentavit
536 2953 684 3029 ccclesiae,
697 2951 839 3032 primum
850 2945 928 3013 data
940 2950 977 3013 in
991 2970 1092 3012 manu
1107 2950 1335 3015 canonicorum

381 3055 560 3136 sponsione,
580 3051 785 3135 postmodum
809 3057 902 3115 textu
926 3072 1022 3134 super
1044 3053 1144 3118 altare
1162 3052 1276 3134 posito,
1300 3073 1335 3116 se

381 3155 433 3218 dic
448 3155 610 3235 assignata
624 3155 659 3216 iu
673 3153 846 3236 praesentia
860 3153 1000 3236 episcopi
1020 3159 1054 3217 et
1074 3155 1213 3219 ecclesiae
1234 3154 1335 3238 ipsius

381 3257 578 3335 adfuturum,
595 3261 628 3320 et
643 3255 794 3339 quicquid
809 3256 1024 3320 ecclesiastica
1041 3257 1265 3342 jurisdictione
1280 3258 1334 3323 de·

381 3368 507 3425 cretum
534 3361 628 3439 foret,
654 3359 863 3442 impleturum
892 3359 953 3424 sub
979 3361 1120 3426 ecclesiae
1149 3361 1334 3427 testimonio

379 3464 569 3547 repromisit
628 3463 758 3526 Statuto
787 3462 839 3527 die
867 3469 1006 3547 utroque
1035 3471 1201 3549 praesente,
1225 3487 1277 3529 res
1298 3465 1335 3530 in

379 3566 523 3630 medium
543 3565 684 3630 deducta
700 3572 758 3643 est,
774 3571 807 3629 et
828 3565 1009 3649 aliquorum
1028 3568 1185 3649 petitione
1199 3569 1334 3634 Domini

380 3653 479 3733 etiam
500 3669 650 3753 Episcopi
673 3689 805 3732 assensu
827 3669 863 3731 iu
882 3668 968 3732 diem
987 3669 1125 3734 alterum
1145 3678 1194 3734 est
1214 3670 1331 3736 dilata:

380 3773 425 3837 sic
439 3781 550 3837 tamen
563 3779 612 3852 ut,
629 3773 738 3836 sirem
752 3772 833 3836 item
853 3772 973 3838 differri
991 3774 1195 3857 imperalium
1214 3775 1331 3839 officio-

380 3895 454 3939 rum
475 3874 647 3942 necessitas
669 3874 735 3938 ulla
752 3874 966 3958 compelleret,
990 3873 1024 3937 id
1044 3882 1121 3939 ante
1144 3883 1333 3940 contestata

381 3979 517 4044 actionis
536 3979 623 4044 diem
643 3977 891 4042 denuntiaretur
908 3977 1063 4042 alterutri.
1109 3978 1333 4065 Praepedicnte

379 4081 570 4146 necessitate
590 4081 735 4164 quesivit
751 4080 868 4144 Comes
889 4080 1036 4145 inducias
1055 4082 1194 4147 actioni:
1216 4103 1332 4146 verum

379 4184 414 4248 id
433 4185 594 4250 Dominus
612 4184 788 4266 Episcopus
811 4205 879 4247 non
903 4205 942 4248 ex
964 4184 1113 4250 condicto
1136 4192 1245 4249 actum
1262 4206 1331 4249 esse

380 4295 542 4374 reputans,
558 4286 719 4352 severitati
735 4286 817 4350 nihil
836 4287 1019 4369 detrahens,
1034 4289 1232 4356 sententiam
1253 4310 1325 4372 pro-
