3225 5192
297 699 364 743 nn.
383 676 580 760 nel-ee]
631 694 882 741 nounorrrnrrsrs
897 695 1076 741 urrsnoun.
1181 677 1251 743 ‚263

295 835 398 897 usque
418 812 519 898 pertis
539 817 656 877 mutuo
676 812 713 878 in
734 812 769 877 id
789 817 1003 879 concurrente
1024 816 1109 891 voto,
1130 813 1251 897 scripto

292 916 521 983 commendare
535 916 672 999 (lignum
687 915 849 980 duximus.
892 917 935 981 R.
952 914 1064 999 iteqne
1082 914 1250 981 ecclesium

219 1068 224 1076 .
295 1020 335 1084 de
352 1020 501 1085 Hsttone
514 1041 611 1102 quarn
628 1019 718 1103 prius
734 1018 883 1104 petinet,
898 1026 1010 1083 tenere
1025 1018 1122 1083 debet
1137 1037 1250 1103 quem·

295 1123 351 1187 din
373 1122 497 1203 vixerit,
520 1121 672 1187 solvendo
693 1127 871 1207 proetaxsto
885 1121 939 1185 W.
959 1142 1102 1186 mercum
1120 1121 1250 1205 urgenti

294 1248 438 1291 ennuem
451 1226 538 1291 infra
551 1232 678 1291 octavas
693 1225 798 1290 teneti
812 1223 994 1303 Michaelis,
1005 1223 1248 1307 praenominate

294 1330 436 1395 ecelesiae
448 1330 522 1413 jure
539 1329 668 1413 integro
686 1326 843 1393 utrolibet
861 1348 974 1392 eorum
993 1326 1179 1406 decedente,
1194 1348 1248 1392 su·

294 1432 421 1517 perstiti
434 1438 605 1497 reservato.
651 1432 748 1496 Henc
761 1430 945 1515 pactionem
958 1435 1097 1515 uterque
1112 1449 1147 1494 se
1160 1428 1248 1494 boue

295 1536 359 1600 fide
382 1535 635 1615 observaturum,
659 1534 851 1618 interposite
875 1533 1068 1599 sacrmenti
1092 1532 1248 1616 religione

294 1637 451 1723 promisit.
505 1636 580 1703 Hoc
608 1643 719 1701 eutem
752 1642 821 1700 tem
853 1636 1031 1701 solenniter
1058 1641 1178 1713 sctum,
1207 1640 1248 1699 ut

296 1742 481 1806 firmitatem
510 1740 546 1805 in
573 1745 739 1825 posterum
762 1739 918 1818 obtineat,
943 1738 1111 1824 presentis
1136 1738 1249 1822 scripti

295 1845 521 1911 testificatione
547 1846 784 1923 confirmamus,
810 1851 844 1908 et
868 1844 967 1927 sigilli
990 1843 1094 1911 nostri
1123 1843 1247 1929 opposi-

297 1948 384 2013 tione
399 1948 645 2013 communimus.
691 1947 754 2012 His
767 1947 906 2012 testibus
922 1993 1033 2012 .....

304 2457 529 2524 EPISTOLA
551 2458 799 2524 exem-rr
821 2477 972 2522 ruousu
994 2476 1235 2521 corroserun-

571 2582 637 2627 sru
658 2579 965 2625 inemnrrscoruu.

296 2767 391 2830 Patri
404 2786 459 2831 cuo
473 2770 505 2831 et
519 2768 640 2831 domim
658 2767 692 2831 T.
711 2766 929 2829 Oantuortenei
942 2764 1005 2828 Dei
1016 2765 1125 2846 pratia
1144 2764 1247 2827 areli·

340 2872 487 2953 episcopo,
502 2868 611 2951 freter
635 2871 672 2933 G.
695 2869 920 2933 Londorrr'enclc
941 2867 1076 2931 ecclesie
1097 2866 1247 2945 meister,

340 2978 413 3055 apto
435 2975 570 3037 rationic
591 2973 799 3037 moderamine
820 2990 940 3053 cenper
960 2970 1021 3033 sion·
1043 2970 1163 3034 eredita
1185 2968 1248 3032 die·

332 3096 477 3157 perscore.

340 3280 457 3343 Docru
476 3299 536 3343 nos
557 3278 713 3362 magister
731 3277 837 3344 bonus
855 3284 975 3362 petere,
991 3278 1085 3343 docet
1106 3283 1141 3342 et
1163 3296 1248 3360 quse·

295 3402 376 3461 rere,
401 3388 434 3445 et
457 3387 495 3445 ut
522 3381 684 3465 aperietur
707 3380 800 3446 nobis
824 3380 918 3446 docet
940 3382 982 3445 ed
1004 3381 1122 3447 ostium
1145 3379 1250 3444 cordis

297 3486 365 3569 ejus
387 3486 440 3551 cni
462 3486 671 3570 supplicatur,
691 3508 758 3551 non
778 3492 960 3570 opportune
979 3486 1095 3565 solum,
1111 3483 1169 3549 sed
1188 3483 1249 3547 im·

296 3596 434 3673 portune
453 3590 591 3672 pulsare.
637 3586 711 3654 Hoc
726 3596 857 3655 auctore
870 3588 1012 3673 petimus
1026 3595 1060 3654 et
1073 3589 1249 3672 pulsemus,

297 3692 449 3774 quatinus
469 3692 556 3775 apud
575 3692 797 3757 excellentium
811 3700 950 3757 vestrm
964 3692 1113 3771 nobis,si
1133 3692 1249 3776 placet,

297 3793 339 3859 nd
362 3794 499 3878 gretiam
520 3796 684 3879 pandetur
705 3796 823 3876 edituis,
845 3803 880 3860 et
900 3796 942 3861 ud
962 3796 999 3860 id
1019 3795 1105 3880 quod
1123 3795 1250 3878 justum

297 3905 346 3962 est
367 3918 434 3963 non
452 3907 591 3983 negetur
611 3920 766 3965 accessus.
811 3900 939 3964 Clamet
953 3906 1027 3984 post
1040 3920 1101 3964 nos
1117 3899 1251 3963 clericus
1323 3952 1329 3958 .

297 4001 385 4068 besti
399 4004 493 4068 Peuli
511 4003 690 4083 Hubertus‚
703 4024 848 4068 asserens
858 4004 980 4087 justam
992 4002 1143 4068 adverus
1154 4000 1252 4066 Bald-

297 4106 400 4171 ricnm
425 4106 577 4171 clericum
601 4106 664 4171 eibi
689 4115 873 4191 competere
895 4106 1127 4190 exceptionem,
1149 4110 1187 4167 nt
1210 4100 1252 4166 nd

297 4210 485 4274 solvendum
500 4210 618 4294 viginti
633 4232 705 4294 quae
719 4210 761 4274 cb
776 4231 815 4275 eo
829 4210 972 4295 postulet
987 4206 1165 4282 Beldricus,
1182 4203 1251 4286 ipse

299 4310 424 4397 dejure
439 4313 586 4399 compelli
599 4335 668 4378 non
684 4314 811 4385 debent,
857 4312 954 4378 Unde
973 4310 1036 4375 sibi
1056 4306 1253 4373 audientiam
