3225 5192
293 723 359 767 io.
379 703 576 787 nol—ee]
609 722 878 768 nonnourunsm
893 724 1070 771 merom
1182 712 1246 775 247

291 842 429 925 querelae
444 862 555 907 vocem
574 841 782 926 impudenter
801 862 980 928 erumpere.
1024 846 1157 911 Assueti
1170 868 1245 913 vero

289 944 387 1008 moris
408 950 466 1023 est,
483 964 583 1027 quum
598 964 694 1028 quem
709 966 768 1009 suo
779 944 871 1009 laedit
884 944 1036 1026 conditio,
1051 954 1089 1011 ut
1107 949 1149 1012 ed
1167 970 1242 1013 eum

288 1053 433 1111 recurrat
462 1047 579 1131 potius,
610 1046 702 1131 cujus
731 1048 960 1131 promptiorem
986 1049 1048 1113 sibi
1076 1050 1144 1114 fore
1167 1072 1242 1133 gru-

288 1148 368 1213 tium
382 1148 559 1215 arbitretur
573 1151 718 1215 afflictus.
760 1151 934 1215 Confidens
947 1152 1058 1235 iteque
1072 1152 1113 1217 de
1127 1160 1242 1221 vestrae

286 1250 467 1316 dilectionis
492 1252 691 1332 excellentie,
717 1253 810 1335 cujus
835 1252 1055 1318 sinceritatem
1083 1261 1118 1319 et
1141 1254 1240 1320 fidem

285 1372 394 1417 rerum
416 1352 533 1419 certior
556 1354 684 1419 edocuit
707 1354 914 1438 experientis,
936 1357 1081 1423 instante
1101 1360 1239 1423 necessi-

284 1454 362 1519 tutis
391 1456 537 1535 urticulo,
564 1478 583 1521 e
608 1456 699 1522 vobis
724 1478 819 1540 opem
843 1458 981 1541 postulo,
1007 1472 1045 1523 ut
1072 1460 1240 1543 proelibute

284 1557 364 1621 mihi
383 1580 510 1642 pervus
525 1560 630 1643 gretie
643 1566 749 1624 vestro
764 1560 805 1623 ed
819 1560 1000 1643 profectum
1015 1562 1123 1628 studio
1138 1563 1237 1628 dedu-

283 1666 384 1738 cetur,
401 1668 433 1725 et
448 1661 535 1745 quod
548 1662 590 1725 ud
605 1662 669 1726 mei
684 1662 907 1727 executionem
922 1663 1017 1727 officii
1031 1664 1113 1727 mihi
1128 1664 1238 1730 deesse

282 1764 483 1846 cognoscitis,
493 1772 599 1829 vestre
613 1765 694 1829 mihi
708 1765 932 1843 sollicitudine,
944 1768 1079 1850 juvente
1094 1768 1236 1834 Domino

280 1866 478 1932 restituetur.
526 1870 591 1933 Det
609 1868 795 1952 postulandi
815 1869 977 1948 fiduciam,
994 1870 1080 1954 quod
1098 1890 1233 1937 menum

280 1969 360 2032 mihi
378 1970 447 2053 jum
469 1972 582 2053 gretie
603 1971 797 2054 porrexistis,
820 1977 853 2035 et
875 1993 957 2035 onus
979 1993 1044 2055 quo
1065 1973 1234 2056 premebur

279 2072 382 2151 anxie,
397 2074 459 2157 pise
477 2074 581 2158 precis
597 2075 755 2139 instantia
768 2074 995 2154 commovistis,
1011 2082 1045 2139 et
1064 2083 1232 2158 exemptus

278 2194 299 2237 u
311 2176 508 2240 confusionis
524 2176 713 2261 ignominie,
728 2182 766 2241 nt
788 2176 877 2240 intre
897 2185 1002 2240 cestre
1022 2178 1158 2242 collocer
1179 2198 1230 2243 ec·

277 2278 390 2357 olesiae,
411 2279 588 2363 prudenter
606 2278 802 2343 obtinuistis.
849 2278 947 2343 Unde
961 2279 1050 2344 vobis
1069 2279 1112 2345 ed
1131 2282 1230 2365 greti·

143 2376 147 2381 ’
276 2402 367 2446 mum
390 2383 531 2447 uotiuum
552 2402 591 2447 eo
612 2384 715 2465 mugis
738 2382 872 2447 devotus
893 2382 1029 2465 obligor,
1050 2383 1137 2466 quod
1156 2406 1230 2467 pro·

275 2486 353 2569 prise
366 2486 540 2551 voluntatis
554 2486 714 2549 instinctu
728 2485 871 2550 absentis
886 2484 980 2548 umici
997 2485 1128 2566 negotiu
1142 2506 1229 2550 com·

275 2587 460 2653 modissime
480 2587 684 2671 procurastis.
730 2586 837 2651 Movit
856 2607 911 2650 vos
932 2586 968 2649 in
990 2585 1078 2649 hune
1099 2586 1229 2669 pietutis

273 2690 425 2754 effectum
439 2692 554 2755 inuste
566 2689 705 2769 bonitus,
722 2690 885 2772 nullisque
902 2688 983 2752 meis
1003 2688 1126 2751 meritis
1145 2710 1226 2771 prse-

271 2800 368 2858 ventu
387 2794 500 2877 gretie,
521 2793 578 2857 sed
598 2792 685 2876 quod
704 2813 773 2857 non
794 2791 909 2870 merui,
931 2790 1049 2855 mereri
1070 2790 1225 2871 desidero,

271 2904 304 2961 et
331 2918 400 2962 uon
428 2897 583 2961 meurisse
611 2896 759 2981 penitet,
789 2897 951 2980 nimisque
980 2917 1051 2960 sero
1075 2895 1223 2975 voluisse,

271 3001 357 3083 quod
378 3000 489 3083 primis
511 3006 741 3083 attemptatum
762 2999 861 3063 luisse
882 2998 997 3063 studiis
1019 3000 1223 3082 oportuisset.

270 3102 357 3185 Aget
376 3103 486 3186 itaque
501 3102 528 3166 si
542 3102 648 3186 placet
662 3108 696 3166 et
710 3109 844 3186 perugut
857 3102 892 3165 id
907 3101 1012 3186 gretie
1025 3102 1112 3185 quod
1127 3122 1223 3167 suum

269 3212 328 3285 est,
344 3212 378 3269 et
393 3226 489 3289 quem
503 3205 619 3269 mereri
630 3206 699 3289 jum
714 3205 812 3289 ooepit
828 3212 936 3269 totum
956 3204 1018 3269 sibi
1036 3205 1151 3269 reddet
1165 3204 1221 3270 ob·

268 3309 409 3386 noxium,
425 3316 458 3373 et
475 3307 664 3371 restitutum
683 3326 736 3371 me
755 3307 846 3386 mibi,
865 3314 935 3371 tem
955 3307 1017 3372 sibi
1036 3328 1134 3391 quem
1154 3308 1221 3371 suis

266 3410 300 3473 in
321 3410 458 3475 solidum
480 3410 520 3474 de
542 3416 657 3475 coetero
676 3410 772 3493 pleno
790 3410 864 3494 jure
885 3409 1056 3493 possideat.
1101 3409 1220 3475 Vulere

267 3532 322 3577 vos
335 3520 484 3596 optemus
497 3512 534 3576 in
549 3512 700 3577 Domino.

263 3813 483 3879 EPISTOLA
505 3812 820 3879 CLXXVIH.-sn
835 3832 980 3878 susurru
1000 3834 1064 3879 ruo
1082 3834 1210 3879 visro-

603 3934 716 3978 ssnssr
734 3936 871 3980 renovo.

262 4066 397 4131 Domino
425 4068 576 4131 Willelmo
602 4066 760 4147 Pupieni,
783 4084 847 4148 pre
875 4065 1078 4129 Wotcnierui
1105 4067 1210 4145 electo,

292 4170 433 4252 seipsum,
448 4176 478 4233 et
492 4171 521 4233 si
536 4168 724 4254 qeidpotest
740 4168 854 4232 devote
867 4170 978 4231 meotis
992 4168 1175 4247 obsequium.

304 4320 440 4385 Sosonr
456 4340 473 4383 e
487 4319 574 4384 facili
587 4318 757 4384 verborum
772 4318 927 4403 puucitus,
941 4338 1040 4400 quum
1056 4315 1096 4378 ed
1112 4334 1207 4379 exuu-
