3225 5192
269 699 334 741 sn.
353 676 551 759 nol-89]
598 696 847 747 uosooursssrs
863 696 1040 741 ammona.
1153 680 1218 742 248

265 813 460 883 decumam
477 811 684 897 protectione,
700 818 734 879 et
753 832 866 891 naxus,
882 811 1000 896 quibus
1018 812 1217 882 immeritum

266 917 400 1002 parabat
422 916 707 999 insomnemque
729 914 770 980 ad
792 913 878 983 diem
899 915 1077 998 cognitioni
1098 937 1218 981 caussae

264 1021 300 1083 in
313 1019 486 1103 prasentia
499 1025 604 1087 sesua
618 1018 842 1096 assumtum,
857 1017 987 1101 objectu
1001 1020 1100 1083 vestri
1113 1020 1216 1084 uomi-

265 1123 316 1187 nis
336 1124 539 1206 aliquateuus
562 1121 724 1185 evitarem.
769 1120 867 1184 Unde
890 1120 1005 1185 dilecte
1025 1123 1072 1185 mi
1092 1122 1128 1185 in
1150 1124 1216 1188 Do·

264 1226 354 1289 mino
374 1232 474 1308 pater,
493 1223 658 1288 sanctitati
676 1228 789 1287 vestrae
810 1228 881 1287 toto
902 1230 1081 1307 prostratus
1101 1225 1217 1308 spiritu

264 1327 418 1411 supplico,
442 1348 484 1391 ne
505 1325 672 1392 indultum
694 1326 852 1410 oppressis
874 1326 1024 1394 omuibus
1046 1348 1217 1395 commuue

264 1430 444 1494 remedium
462 1429 552 1509 mihi,
568 1428 595 1493 si
613 1429 728 1513 placet,
744 1428 952 1493 subtrahatis.
996 1430 1051 1493 Ne
1072 1451 1125 1494 me
1144 1438 1216 1495 tan·

266 1553 362 1617 quam
377 1530 549 1615 reprobum
565 1552 584 1594 a
597 1531 695 1596 vestri
708 1532 909 1614 protectione
922 1532 1092 1603 tutaminis
1107 1531 1216 1616 abjici-

263 1634 335 1699 atis.
383 1634 447 1699 Sed
466 1634 552 1699 lacta
571 1634 612 1698 sd
632 1655 687 1698 vos
707 1634 920 1719 appellatione
937 1641 1094 1719 suscepta,
1111 1635 1138 1699 si
1154 1658 1218 1721 qua

263 1744 379 1823 praeter
400 1738 534 1803 modum
556 1744 604 1802 est
626 1739 661 1801 in
684 1759 736 1802 me
759 1738 827 1803 lata
849 1740 1020 1818 sententia,
1042 1740 1155 1827 ipsam,
1178 1749 1216 1805 ut
1245 1822 1249 1827 ‚

259 1842 387 1925 justum
402 1849 461 1921 est,
477 1847 534 1906 aut
547 1840 693 1906 habeatis
707 1840 843 1920 irritam,
858 1849 916 1906 aut
929 1843 1068 1909 teneatis
1082 1864 1215 1927 suspeu-

264 1966 343 2024 som,
358 1952 396 2008 ιιι
415 1944 451 2006 in
472 1944 533 2023 die,
550 1966 614 2027 qua
628 1944 763 2027 juvante
783 1944 925 2009 Domino
940 1944 1132 2009 sublimitati
1146 1966 1214 2010 ves·

263 2052 322 2115 tre
335 2053 467 2130 paratus
481 2068 554 2113 sum
569 2046 725 2124 assistere,
737 2046 833 2129 juxta
846 2046 933 2129 quod
946 2047 1050 2111 merui
1063 2048 1214 2112 statuatis

262 2151 298 2216 iu
315 2172 377 2230 me,
393 2156 427 2219 et
441 2150 492 2215 vel
506 2149 688 2216 convictum
703 2148 871 2233 objiciatis,
885 2149 937 2215 uel
955 2149 1171 2230 innocentem,
1187 2151 1215 2214 si

262 2253 309 2319 sio
322 2254 427 2323 visum
441 2252 549 2332 luerit,
565 2252 744 2320 absolvatis.
788 2252 877 2320 Nam
896 2254 993 2337 culpa
1011 2274 1093 2333 mea,
1108 2254 1137 2319 si
1151 2276 1214 2337 qua

263 2362 321 2435 est,
336 2356 406 2421 hec
424 2355 537 2438 utique
555 2361 613 2433 cst,
629 2354 715 2438 quod
734 2354 961 2425 mandatorum
976 2355 1127 2437 pondere,
1142 2378 1214 2440 quas

263 2457 377 2541 utique
400 2464 457 2522 sut
480 2456 640 2525 declinam
663 2477 792 2528 neeesse
815 2456 897 2524 mihi
918 2458 1034 2536 fuerat,
1058 2466 1115 2522 aut
1138 2480 1213 2523 cum

263 2559 393 2629 defectu
406 2568 440 2627 et
454 2561 542 2627 omni
556 2560 685 2629 miseria
700 2560 868 2644 suscipere,
883 2581 937 2625 me
951 2567 1119 2644 gravatum
1140 2584 1213 2627 seu-

261 2664 357 2743 tiens,
379 2662 646 2747 adapostolicam
669 2684 766 2733 amus
788 2684 862 2728 aum
884 2663 1083 2729 audientiam
1106 2667 1213 2749 appel-

261 2767 337 2846 lare,
353 2774 391 2833 ut
411 2774 516 2836 vestro
534 2789 588 2831 me
607 2788 665 2851 per
683 2767 793 2835 omnia
813 2767 947 2833 oonsilio
966 2766 1212 2845 committerem,

262 2876 295 2935 et
313 2869 467 2937 consultis
489 2869 577 2934 vobis
600 2876 657 2934 aut
679 2890 699 2933 a
719 2890 821 2953 reguo
836 2869 1043 2948 discederem,
1059 2878 1117 2935 aut
1136 2871 1212 2935 alle·
1280 2886 1284 2895 ·

261 2972 346 3040 visto
365 2972 592 3041 mandatorum
612 2993 708 3039 onere
730 2973 766 3037 iu
787 2972 958 3041 commisso
978 2973 1059 3042 mihi
1080 2974 1215 3039 ecclesia

261 3076 442 3141 residerem.
487 3076 574 3141 Nem
598 3085 637 3141 ut
661 3076 751 3141 brevi
776 3075 970 3159 complectar
993 3077 1080 3160 quod
1102 3098 1214 3142 verum

262 3185 320 3258 est,
335 3179 415 3247 dum
429 3178 516 3246 iuter
529 3179 698 3249 domiuum
714 3200 826 3262 regem
840 3188 873 3244 et
888 3180 1056 3245 dominum
1070 3181 1212 3247 Cautua·

262 3282 401 3347 riensem
418 3304 472 3347 res
488 3282 524 3347 iu
542 3284 630 3347 hunc
644 3283 778 3351 modum
792 3283 938 3363 vertitur,
954 3283 1150 3368 impossibile
1164 3292 1214 3348 est

261 3406 323 3465 me,
340 3393 396 3450 aut
416 3386 515 3457 alium
534 3386 627 3469 regui
646 3386 746 3470 ipsius
764 3386 949 3471 episcopum
967 3386 1063 3451 unius
1079 3386 1212 3451 mauda-

261 3494 333 3555 tum
354 3490 523 3573 suscipere,
544 3497 577 3561 et
600 3490 732 3559 alterius
753 3491 836 3559 iram
856 3489 1094 3574 importabilem
1116 3489 1213 3555 decli·

262 3612 349 3657 nare.
393 3594 482 3677 Agat
495 3588 615 3677 itaque,
631 3594 658 3663 si
673 3594 787 3678 placet,
802 3599 939 3677 paterna
954 3594 1067 3678 pietas,
1082 3600 1121 3658 ut
1135 3594 1214 3659 siin

260 3716 323 3774 me,
338 3716 399 3759 nec
414 3694 605 3775 confessum,
620 3716 681 3763 uec
695 3696 889 3776 convictum,
909 3716 969 3782 neo
987 3696 1133 3775 citatum,
1152 3718 1215 3762 nec

260 3797 327 3867 ullo
348 3796 445 3863 modo
466 3803 671 3875 conventum,
694 3804 767 3880 post
788 3797 1015 3881 interpositam
1037 3796 1136 3861 etiam
1158 3818 1214 3880 ap-

261 3900 467 3983 pollutionem
490 3900 531 3966 ad
553 3899 785 3971 sublimitatem
806 3906 954 3979 vernam,
974 3900 1042 3965 ulla
1062 3907 1113 3965 est
1132 3920 1214 3983 prae·

260 4024 395 4087 propere
417 4004 467 4069 vel
487 4014 679 4088 prepostero
700 4003 768 4068 lota
789 4003 962 4083 sententia,
981 4003 1065 4069 hauc
1082 4002 1214 4081 viribus,

260 4112 298 4171 ut
309 4107 436 4190 justum
451 4113 510 4185 est,
526 4106 695 4175 evacuetis.
733 4106 777 4173 Et
792 4106 821 4171 si
833 4113 972 4173 vetram
987 4128 1027 4170 ex
1041 4105 1213 4169 sanctitate
1319 4098 1327 4129 ¹

258 4210 442 4287 remittatis,
468 4210 620 4294 injuriam
646 4210 761 4277 saltem
789 4208 877 4275 beati
905 4208 1004 4288 Petri,
1030 4214 1064 4272 et
1090 4213 1211 4271 sancta

258 4312 341 4381 sedis
353 4314 426 4397 ejus
440 4312 482 4381 ad
496 4312 640 4383 animum
655 4314 819 4393 revocetis,
834 4320 869 4379 ct
883 4334 936 4377 me
950 4312 992 4376 ad
1006 4331 1112 4389 omne,
1121 4310 1209 4397 quod

709 4420 765 4479 122
