3225 5192
415 692 477 754 140
723 710 885 757 arasrsrr
903 710 1054 755 rrrscorr

410 826 508 904 locus,
525 824 581 889 ubi
602 824 717 905 dicitis,
733 826 852 891 leviora
871 826 913 891 ad
933 827 1071 909 gratiam
1090 828 1195 892 nostri
1218 830 1368 914 allegata,

386 930 608 1014 gravioribus
635 928 791 996 deductis.
838 931 921 998 Quae
947 930 1046 996 etiam
1074 939 1143 997 tam
1166 954 1240 998 vere
1269 957 1368 1019 quam

411 1034 576 1117 eleganter
601 1034 713 1097 fri'vola
736 1034 938 1100 nominastis.
985 1034 1049 1099 Sed
1074 1056 1166 1099 secus
1191 1058 1226 1101 se
1248 1038 1369 1103 habere

411 1136 508 1201 facies
529 1136 653 1221 negotii
675 1138 768 1201 facile
793 1136 978 1201 declarabit.
1023 1137 1145 1203 Nonne
1167 1140 1204 1202 in
1223 1142 1369 1205 medium

412 1239 551 1305 deducta
574 1246 623 1304 est
647 1240 809 1305 accusatio
828 1240 923 1303 falsi?
968 1240 1130 1324 Nunquid
1147 1242 1238 1307 vobis
1255 1244 1369 1308 durius

412 1350 522 1408 actum
537 1343 815 1422 suissevideretur,
832 1344 1005 1428 siprecum
1020 1345 1143 1409 falsitas
1158 1346 1369 1429 argueretur?

413 1447 551 1512 Utinam
563 1446 674 1510 omnia
683 1446 937 1531 proposuissetis,
947 1446 1041 1511 facile
1047 1445 1211 1531 judicibus
1220 1449 1370 1515 violentie

413 1550 612 1634 spoliationis
626 1571 694 1613 uon
709 1550 813 1613 solum
829 1550 976 1628 testibus,
991 1570 1102 1614 verum
1118 1552 1320 1634 argumentis
1334 1559 1368 1616 et

412 1653 637 1717 instrumentis
659 1652 776 1737 quibus
800 1652 1013 1733 abundamus,
1035 1654 1115 1717 fides
1136 1655 1223 1719 facta
1243 1655 1368 1720 fuisset.

415 1756 495 1819 Haec
519 1761 552 1821 at
574 1756 624 1820 his
647 1755 764 1819 similia
786 1756 927 1839 allegare
953 1778 1025 1839 quae
1047 1778 1145 1822 causa
1166 1759 1270 1822 nostri
1293 1780 1369 1843 sup·

412 1858 581 1943 pressistis,
606 1859 647 1923 ad
673 1860 815 1924 officium
843 1867 991 1944 spectant
1020 1860 1175 1941 advocati,
1200 1864 1292 1947 cujus
1319 1870 1369 1928 est

414 1984 510 2046 agere
534 1962 621 2047 quod
643 1984 739 2028 causa
761 1962 932 2043 desiderat,
952 1971 990 2028 ut
1011 1972 1123 2029 tamen
1144 1972 1304 2051 temperet
1326 1966 1368 2032 ab

412 2065 542 2150 injuria.
587 2066 631 2129 Et
654 2087 709 2129 vos
731 2066 862 2150 quidem
884 2067 934 2131 vel
959 2067 1091 2131 duriora
1115 2068 1221 2133 dicere
1246 2069 1368 2153 absque

414 2168 553 2233 adversae
574 2168 674 2252 partis
695 2169 816 2253 injuria
836 2170 1032 2252 potuissetis,
1056 2170 1119 2236 nisi
1140 2192 1239 2236 vos-a
1262 2194 1368 2237 causae

414 2272 511 2355 hujus
525 2272 703 2355 patrocinio
717 2273 805 2356 leges
816 2273 937 2356 pariter
947 2280 981 2338 et
995 2295 1135 2339 canones
1150 2276 1367 2342 excluderent.

416 2374 512 2438 Scitis
537 2376 626 2439 euim
651 2396 749 2459 quam
774 2376 948 2459 diligenter
970 2377 1068 2461 hujus
1097 2379 1221 2463 negotii
1246 2387 1369 2444 secreta

413 2480 596 2545 nouaclum
612 2488 787 2564 autequam
802 2482 866 2545 iter
879 2481 921 2546 ad
932 2481 1101 2546 domiuum
1111 2504 1227 2565 papam
1243 2484 1366 2567 arripu-

283 2623 289 2638 ·
415 2584 521 2664 issem,
537 2606 648 2649 verum
667 2592 741 2667 post
755 2585 897 2649 reditum
911 2607 1021 2650 meum
1036 2586 1239 2669 Wigorniam
1253 2608 1368 2670 aperu-

414 2687 504 2752 erim.
533 2689 631 2752 Facta
641 2687 731 2752 vobis
743 2695 793 2753 est
808 2689 975 2752 literarum
990 2688 1091 2772 copia,
1103 2711 1181 2772 quas
1196 2678 1292 2774 super
1306 2691 1368 2755 hoc

414 2791 545 2875 negotio
561 2814 581 2856 a
595 2792 669 2856 sede
685 2791 859 2875 apostolica
871 2791 1127 2875 impetraveram.
1165 2792 1216 2857 Dc
1229 2791 1281 2857 his
1296 2814 1368 2877 quae

415 2916 511 2979 super
525 2895 743 2959 transactione
762 2916 943 2979 posueram,
959 2895 1042 2959 nihil
1060 2896 1194 2961 omnino
1207 2897 1298 2962 vobis
1317 2903 1367 2962 est

416 2997 652 3062 absconditum.
676 2996 785 3063 Quare
799 3017 934 3060 manum
946 2998 988 3061 ad
996 3005 1103 3062 vestra
1114 3000 1189 3083 jura
1203 3001 1367 3084 porrigere

416 3120 482 3163 non
504 3097 616 3176 audeo,
641 3118 681 3161 ne
707 3098 790 3161 forte
814 3100 942 3180 gravim
965 3099 1105 3163 amicum
1130 3100 1246 3166 laedam
1269 3124 1368 3187 quam

415 3203 484 3285 ipsa
501 3202 594 3263 laesus
612 3200 741 3264 fuerim.
785 3200 829 3265 Et
846 3202 927 3265 mihi
947 3202 1047 3266 satius
1062 3209 1112 3267 est
1131 3205 1280 3287 quaedam
1295 3228 1369 3271 cum

416 3305 612 3370 detrimento
637 3325 741 3370 causae
766 3312 883 3385 tacere,
908 3328 1004 3390 quam
1026 3308 1226 3373 verecundiae
1253 3310 1369 3376 dicere.

416 3408 504 3472 Nam
534 3408 621 3491 quod
649 3408 690 3473 ad
717 3411 861 3474 auxesim
890 3417 1024 3495 spectat,
1049 3434 1147 3495 quam
1175 3412 1370 3478 rhetoricam

416 3511 620 3595 dicitisque
641 3514 748 3596 potius
766 3523 931 3580 oratorum
949 3522 1008 3595 est,
1023 3522 1149 3579 certum
1172 3522 1222 3581 est
1245 3518 1321 3600 quia
1339 3518 1370 3581 ei

414 3616 525 3681 niellus
546 3616 588 3680 ad
611 3637 741 3681 causam
764 3618 861 3683 istam
879 3618 1011 3703 patebat
1033 3640 1187 3699 accessus,
1203 3641 1279 3685 cum
1301 3620 1371 3705 ipsa

415 3719 563 3785 videlicet
588 3720 624 3784 in
647 3721 771 3786 ultimis
795 3722 954 3788 duntaxat
971 3729 1005 3788 et
1029 3724 1205 3806 quaestioue
1224 3745 1369 3809 compro-

416 3822 494 3887 bata
507 3824 614 3888 locum
630 3825 770 3909 elegerit.
817 3826 897 3890 Ideo
912 3826 939 3889 si
958 3826 1148 3910 interposita
1163 3827 1286 3906 risisset,
1301 3849 1371 3892 non

417 3936 485 3990 tam
514 3926 550 3991 in
576 3934 720 3993 nostram
746 3950 843 4012 quam
868 3929 951 4012 juris
976 3930 1174 3995 redundaret
1202 3930 1366 4014 injuriam.

419 4029 483 4093 Sed
498 4029 576 4113 quid
593 4030 709 4115 plural
754 4030 925 4114 Numquid
939 4031 1074 4115 epistola
1086 4040 1195 4097 vestra
1206 4039 1257 4097 tot
1272 4054 1371 4098 sacras

418 4132 583 4217 scripturae
596 4135 714 4199 vallata
732 4134 897 4217 praesidiis,
909 4141 959 4199 tot
976 4134 1126 4218 gravibus
1146 4145 1280 4201 onerata
1296 4159 1370 4202 sen·

418 4238 539 4317 tentiis,
550 4244 644 4302 tanto
658 4238 826 4303 rhetoricas
839 4238 1055 4304 exornationis
1070 4239 1220 4305 decorata
1233 4241 1369 4325 fulgore,

417 4341 453 4405 in
479 4362 598 4406 vanum
627 4341 787 4407 laborasse
816 4350 851 4408 et
878 4342 985 4408 inanis
1014 4344 1056 4408 ad
1082 4343 1248 4409 dominum
1275 4368 1370 4409 suum
