3225 5192
270 716 338 759 aa.
358 695 557 778 nel-sa]
608 714 1053 759 nonnonrsusmrrrsrons.
1162 698 1227 762 227

266 841 360 917 tegre
389 832 459 897 re'm
489 833 683 917 cognoscet!
731 831 815 897 Aliis
844 855 920 899 vero
950 834 1177 914 asserentibus,
1208 856 1228 897 a

267 936 424 1001 similibus
444 936 485 1001 ad
505 935 621 1001 similia
637 934 780 1019 judicem
796 937 978 1020 procedere,
994 944 1029 1002 et
1043 939 1097 1022 jus
1119 937 1225 1001 dicere

267 1040 312 1105 sic
331 1040 449 1105 debere
469 1040 509 1104 de
526 1040 636 1123 jndice
656 1040 741 1117 dato,
757 1041 798 1104 ad
820 1048 943 1105 certam
963 1062 1125 1105 summam
1141 1041 1224 1104 illud

264 1144 474 1209 inducebant.
520 1143 647 1207 ‘Judex
662 1144 716 1226 qui
734 1166 837 1227 usque
858 1145 899 1209 ad
919 1151 1040 1209 certam
1061 1166 1262 1220 summam(

263 1248 409 1333 judicare
429 1248 515 1311 visus
535 1254 595 1325 est,
615 1247 714 1309 etism
737 1248 777 1311 de
799 1268 836 1311 re
858 1248 1145 1362 majore3judieare
1166 1232 1428 1331 po-Mldcs,

265 1356 340 1430 test,
357 1350 384 1414 si
403 1350 490 1415 inter
511 1350 690 1433 litigatores
711 1349 773 1413 hoc
793 1351 990 1429 convenerit,
1006 1351 1093 1435 quod
1115 1351 1157 1415 ad
1178 1352 1219 1413 si-

265 1454 341 1518 mile
355 1454 578 1538 pertrahentes
592 1452 786 1532 inferebant,
799 1453 841 1518 ed
853 1461 978 1518 certum
992 1461 1122 1537 tempus
1133 1454 1220 1537 judi-

265 1576 336 1621 cem
358 1556 482 1634 datum,
505 1556 532 1620 si
554 1562 662 1641 partes
685 1557 902 1636 consentiant,
921 1558 1074 1622 ulteriore
1094 1578 1221 1641 quoque

212 1640 218 1655 ⁹
265 1668 410 1745 tempore
424 1680 517 1744 posse
532 1636 755 1743 cognosceres
785 1662 859 1725 Hoc
873 1661 978 1743 ipsum
993 1661 1065 1744 lege
1081 1659 1121 1724 de
1136 1660 1220 1724 arbi-

264 1770 316 1828 tro
330 1762 586 1847 comprobantes,
598 1764 654 1846 qni
668 1763 744 1827 lieet
759 1763 799 1827 de
813 1763 1005 1847 proferendo
1020 1763 1073 1829 die
1087 1770 1220 1827 cautum

264 1888 332 1931 non
353 1868 405 1946 sit,
420 1867 641 1950 compromissi
662 1866 746 1931 diem
766 1866 909 1951 proferre
931 1867 1090 1951 potest,si
1111 1874 1220 1950 partes

264 1992 336 2034 eam
357 1970 553 2034 sententiam
572 1970 656 2033 ferre
677 1971 894 2035 consentiant.
940 1970 1136 2034 Mandatum
1159 1970 1220 2033 ita-

265 2094 327 2157 que
341 2080 484 2139 vestrum
503 2074 537 2135 in
556 2072 690 2137 modum
705 2073 793 2136 hunc
808 2073 1068 2157 interpretantes,
1085 2080 1118 2137 et
1133 2074 1219 2157 quod

264 2175 306 2241 ob
325 2177 468 2241 favorem
489 2171 624 2260 alicujus
642 2176 809 2240 indultum
829 2184 887 2256 est,
909 2177 944 2241 in
964 2178 1033 2262 ejus
1054 2177 1218 2241 laesionem

264 2280 441 2365 retorqueri
460 2302 527 2345 non
549 2280 664 2345 debere
679 2280 910 2359 existimantes,
923 2281 1017 2364 juxte
1031 2282 1118 2366 quod
1132 2280 1219 2365 apud

264 2404 323 2447 nos
342 2384 378 2447 in
396 2383 557 2447 mandatis
572 2383 758 2468 hujusmodi
773 2384 939 2448 consuevit
955 2384 1096 2463 ecelesia,
1111 2384 1147 2447 in
1161 2404 1218 2447 ne·

265 2485 351 2568 gotio
363 2486 449 2550 dioto
461 2487 528 2571 jam
544 2487 641 2551 modo
655 2487 877 2570 processimus,
889 2486 922 2550 id
935 2487 1094 2570 praeoipue
1105 2486 1217 2562 secuti,

1269 1620 1301 1691 J

265 2590 351 2672 quod
371 2590 408 2653 in
429 2590 511 2655 libro
533 2589 741 2673 Digestorum
762 2611 947 2675 expressum
967 2590 1076 2654 taliter
1094 2589 1248 2653 invenis

263 2714 348 2758 mus.
375 2694 431 2758 ‘Si
442 2695 543 2779 judex
559 2696 600 2759 ad
614 2703 742 2779 tempus
754 2696 850 2759 datus
865 2702 899 2759 et
913 2715 1026 2758 omnes
1039 2692 1219 2775 litigatores

264 2798 495 2877 consenserint,
515 2798 578 2862 nisi
599 2799 778 2882 specialiter
796 2798 964 2882 principali
980 2796 1126 2882 jussione
1144 2817 1217 2878 pro-
1236 2810 1304 2865 Μ
1323 2821 1364 2854 a.
1379 2818 1416 2857 ι.

264 2900 388 2983 rogatio
411 2901 509 2965 fuerit
533 2900 683 2980 inhibita,
709 2908 846 2986 possunt
868 2908 1014 2985 tempora
1035 2900 1123 2963 intra
1146 2920 1217 2981 quae

264 3001 349 3067 visus
364 3010 413 3067 est
427 3003 517 3067 litem
534 3003 693 3083 dirimere,
709 3004 896 3088 prorogari?
926 3004 1044 3069 Valere
1058 3024 1113 3067 vos
1129 3050 1137 3067 .
1155 3050 1162 3065 .
1182 3051 1189 3065 .
1208 3050 1216 3065 .

409 3318 631 3384 EPISTOLA
653 3319 896 3383 anxiis-m
912 3338 1069 3382 ananan.

264 3470 357 3532 Patri
367 3490 423 3533 suo
437 3476 469 3532 et
483 3470 605 3534 domino
620 3492 736 3534 mmmo
745 3468 890 3553 pontifici
905 3470 944 3534 Α.
953 3470 1063 3551 frater
1080 3468 1120 3532 G.
1134 3468 1216 3532 Losa

306 3572 461 3635 walewis
476 3574 608 3637 eeclesia
623 3574 773 3652 minster,
786 3579 884 3637 totum
899 3574 982 3655 quod
994 3572 1172 3637 obedientie
1187 3578 1217 3636 el
1332 3594 1346 3623 0

306 3676 441 3759 obsequii
455 3678 537 3741 volet
551 3678 676 3740 humilia
691 3683 721 3741 et
730 3683 879 3761 promptu
894 3678 1023 3741 devotio.

304 3826 359 3891 An
383 3834 534 3907 vestram,
558 3834 662 3911 pater,
683 3828 809 3912 justum
836 3836 885 3893 est
913 3828 1027 3892 referri
1055 3827 1215 3906 notitiam,

262 3950 333 4013 quaa
347 3930 434 3995 facta
448 3931 489 3995 ad
503 3953 559 3996 vos
574 3932 787 4016 appellatione
806 3954 971 4017 suspensa,
986 3939 1099 3997 vestrae
1117 3932 1217 3995 subli-

261 4033 386 4097 mitatis
401 4040 557 4117 expetunt
577 4034 613 4098 in
633 4033 684 4098 sui
704 4033 865 4099 decisione
879 4034 1087 4099 sententiam.
1132 4033 1217 4096 Cum

261 4136 361 4220 igitur
387 4138 563 4203 assertione
588 4138 731 4222 partium
755 4138 874 4203 merita
897 4137 1084 4221 pandentur
1107 4154 1217 4197 eausa-

260 4262 345 4319 rum,
370 4262 501 4307 eausam
530 4243 617 4307 inter
647 4242 800 4307 dilectum
830 4243 934 4306 lilium
963 4248 998 4307 et
1026 4237 1216 4304 canonicum

261 4354 422 4424 nostrum,
451 4347 630 4425 Hearieum
657 4355 689 4412 et
715 4347 917 4411 Willelmum
944 4346 984 4408 de
1011 4341 1218 4408 Pontefraete

709 4470 730 4521 e
747 4454 766 4513 2
