3225 5192
362 662 405 725 72
607 678 769 723 orrssnrr
787 677 907 721 sorror
923 677 1069 739 assam

363 798 403 861 de
418 818 559 881 corpore,
576 796 616 860 de
632 794 804 877 gloriatus
819 796 902 859 nihil
915 803 1025 860 tecum
1038 796 1192 880 portabis.
1237 798 1315 862 Oas-

360 900 440 965 tella
460 907 522 965 tus
540 898 673 963 stabunt
695 898 758 977 hie,
780 904 813 962 et
835 898 967 963 habebit
989 919 1028 963 ea
1049 900 1106 983 qui
1127 900 1234 963 nullas
1255 899 1316 963 tibi

364 1002 483 1087 gratias
510 1010 595 1085 aget,
620 1009 653 1067 et
679 1001 714 1064 irr
740 1001 852 1066 labore
877 1008 936 1065 tuo
960 1002 1097 1065 forsitan
1126 1002 1319 1085 gloriabitur·

363 1112 544 1169 extraneus.
592 1104 802 1169 Solummodc
816 1111 948 1187 peccata
960 1111 1067 1168 tuate
1082 1112 1268 1187 sequentur,
1283 1110 1318 1168 et

363 1208 510 1273 nondum
525 1205 585 1270 tibi
600 1207 736 1286 videtur,
749 1206 834 1291 quod
850 1208 928 1270 satis
941 1214 1090 1290 peccator
1101 1207 1154 1284 sis,
1167 1206 1222 1270 sed
1237 1212 1318 1274 tunc

364 1312 460 1375 velles
476 1310 561 1394 quod
575 1310 628 1375 hie
643 1310 751 1373 minus
766 1330 939 1392 peccasses.
969 1310 1019 1372 Ea
1034 1309 1095 1388 die,
1108 1330 1210 1393 quum
1224 1299 1317 1373 mise·

364 1416 446 1481 riam
460 1414 646 1499 respexeris,
662 1420 695 1477 et
714 1414 876 1479 ululatum
891 1413 1071 1492 viduarum,
1085 1420 1121 1478 et
1139 1434 1318 1498 pauperum

362 1516 533 1606 gemitum,
549 1523 582 1581 et
601 1517 819 1601 orphanorum
839 1517 1016 1601 planetum,
1032 1518 1177 1599 querelas
1191 1516 1319 1581 ecclesi·

365 1642 467 1698 arum,
484 1640 579 1702 super
598 1626 632 1683 te
647 1619 772 1697 videris,
789 1620 861 1703 quis
875 1619 936 1684 tibi
951 1640 1063 1683 sensus
1078 1620 1150 1699 erit,
1165 1620 1207 1683 ad
1222 1640 1318 1702 quem

364 1722 536 1806 respicies?
582 1720 663 1786 Quis
686 1721 832 1785 omnium
855 1729 1040 1786 sanctorum
1061 1728 1119 1800 est,
1135 1743 1232 1805 quem
1251 1743 1320 1786 non

365 1824 545 1890 offenderis.
592 1822 674 1888 Quis
695 1845 875 1907 pauperum
897 1825 960 1889 Dei
982 1824 1066 1888 eirca
1087 1831 1120 1888 te
1142 1831 1201 1903 est,
1222 1846 1319 1908 quem
1362 1901 1368 1913 ι

365 1949 432 1991 non
456 1926 600 1990 laeseris?
645 1926 719 1989 Nisi
743 1927 822 1990 dum
845 1935 946 2011 potes,
968 1926 1029 1991 tibi
1051 1928 1235 2020 provideris,
1250 1936 1322 1993 tam

365 2029 571 2093 vehementer
593 2049 701 2093 coram
724 2030 795 2093 Dec
817 2029 1015 2095 accruabunt
1034 2037 1067 2094 te
1088 2052 1185 2114 opera
1198 2037 1266 2109 tua,
1282 2039 1321 2095 ut

366 2132 483 2195 necin
505 2132 566 2195 hae
588 2132 655 2195 sits
676 2138 709 2195 te
732 2132 788 2198 diu
810 2132 911 2216 possit
932 2133 1068 2197 tolerare
1090 2133 1220 2217 justitie
1240 2134 1321 2217 ejus,

366 2255 426 2298 nec
440 2233 476 2297 in
491 2234 602 2298 futura
617 2234 820 2319 aliquatenus
834 2236 988 2299 misereri.
1027 2237 1078 2301 De
1092 2236 1272 2320 propinquo
1286 2242 1321 2301 te

366 2337 493 2400 monuit
519 2338 690 2417 Dominus,
714 2359 804 2403 caros
831 2346 905 2402 tuos
927 2338 967 2402 de
992 2338 1098 2403 medio
1119 2340 1207 2418 tulit,
1230 2340 1321 2423 virga

367 2440 436 2522 ejus
454 2440 523 2522 jam
546 2461 634 2503 nune
656 2447 706 2503 est
730 2449 862 2504 extensa
883 2441 919 2503 in
938 2447 982 2508 te.
1029 2442 1163 2524 Aperiat
1180 2442 1248 2525 ipse
1265 2461 1320 2504 cor

366 2547 470 2619 taran,
494 2548 527 2607 et
549 2541 701 2605 infundat
724 2542 753 2605 ei
777 2542 914 2626 gratiam
939 2564 1042 2621 suam,
1062 2550 1101 2606 ut
1127 2552 1204 2606 ante
1224 2550 1319 2607 tuum

367 2642 452 2706 diem
467 2643 676 2708 novissimum
691 2644 813 2709 bonum
826 2665 906 2728 opus
921 2645 1082 2728 germinet
1097 2666 1136 2709 ex
1150 2654 1194 2725 te,
1205 2646 1242 2709 in
1256 2666 1322 2729 quo

365 2746 465 2829 possit
480 2746 641 2811 Dominus
656 2748 776 2811 salvare
791 2754 835 2811 te.
879 2748 1006 2812 Valete.

388 3066 608 3130 EPISTOLA
631 3066 793 3129 LV.-sn
811 3088 839 3131 r.
857 3087 1105 3131 ssnrsosnssrr
1122 3089 1297 3134 ssssrerr.

367 3193 462 3277 Patri
481 3236 536 3278 cuo
557 3218 716 3280 cariam
734 3218 769 3279 F.
785 3218 977 3300 Radinqenei
995 3220 1058 3281 Dei
1076 3221 1184 3301 pratia
1203 3220 1320 3300 abbati,

410 3319 603 3400 omnibusque
614 3320 822 3402 Rodinpensis
836 3323 969 3384 ecclesie
976 3322 1067 3403 filiis,
1075 3322 1186 3403 frater
1197 3324 1235 3386 G.
1248 3324 1321 3386 Glo-

410 3424 528 3485 eeatrioe
550 3424 652 3487 dictus
674 3424 778 3503 abbae,
795 3432 826 3488 et
848 3427 891 3503 oi,
913 3446 1042 3507 quorum
1063 3428 1128 3507 ipse
1149 3428 1320 3490 mecenio

411 3527 576 3607 deputatus
590 3534 647 3606 eat,
663 3530 840 3591 salutemet
854 3529 1056 3592 dilectiorem.

412 3676 592 3741 Pesvsrsrr
610 3678 651 3742 ad
670 3700 739 3757 nos,
756 3679 922 3759 carissimi,
938 3679 1130 3762 magistrum
1154 3680 1323 3743 Serionem

368 3779 408 3842 de
420 3779 575 3859 Arundei,
587 3780 698 3845 crebra
709 3804 764 3846 vos
778 3802 873 3865 prece
889 3782 1068 3861 sollicitare,
1081 3790 1119 3847 ut
1135 3782 1175 3846 de
1189 3782 1323 3846 ecclesia

368 3881 408 3944 de
430 3883 626 3962 Berehelaie,
646 3891 849 3949 contractum
873 3885 1011 3967 aliquem
1032 3906 1109 3949 cum
1132 3908 1170 3950 eo
1192 3886 1321 3962 ineatis,

368 3991 400 4048 et
417 3985 563 4067 quaedam
579 4008 650 4069 quae
665 3986 751 4050 inter
765 4009 820 4051 vos
836 3989 1004 4053 nominata
1023 3996 1111 4067 sunt,
1127 3989 1189 4053 sibi
1209 4008 1321 4053 conee-

369 4088 475 4152 dendo
489 4089 675 4171 praedictam
691 4091 857 4155 ecelesiam
873 4093 988 4156 amodo
1002 4090 1158 4157 habeatis.
1196 4092 1322 4156 Asserit

369 4191 476 4271 etiam,
500 4199 535 4255 ut
559 4192 716 4272 audimus,
740 4215 774 4257 se
796 4196 943 4276 quaedam
966 4195 1137 4280 possidere,
1161 4216 1234 4279 quae
1255 4216 1323 4259 non

368 4296 517 4377 possidet,
542 4302 574 4359 et
598 4296 779 4359 ostensione
802 4298 1002 4379 quarundam
1031 4298 1216 4362 chartarum
1243 4319 1322 4381 quas
