3225 5192
331 654 395 716 148
636 669 798 713 11111111
816 667 968 712 11111111

328 788 390 851 bus
420 785 543 851 dictum
575 793 634 864 est,
665 790 790 849 ‘morte
819 782 1023 848 moriemini?
1075 780 1167 846 Mors
1197 782 1285 846 enim

329 888 451 973 peccati
466 908 539 952 vere
553 887 666 953 mortis
681 898 811 952 veterum
825 886 974 949 ministra
987 892 1047 949 est.
1081 884 1284 949 Obedientiae

330 1012 403 1055 vero
422 990 496 1053 filiis
518 990 681 1074 apostolus
703 990 759 1068 ait,
776 988 925 1053 ‘Mortui
942 988 1030 1067 estis,
1045 994 1080 1052 et
1093 986 1161 1051 vita
1178 996 1285 1051 vestra

330 1114 404 1158 1111
419 1092 549 1158 Christo
569 1092 757 1157 abscondita
771 1091 843 1157 est!
886 1091 973 1155 Vere
990 1090 1086 1155 beata
1104 1112 1191 1156 mors
1213 1111 1285 1174 quoe

330 1196 404 1261 vitae
423 1195 509 1261 illius
532 1216 603 1279 quae
622 1216 698 1259 cum
718 1194 848 1261 Christo
869 1202 929 1273 est,
944 1214 1042 1259 causa
1064 1194 1160 1257 simul
1179 1200 1229 1257 est
1250 1199 1285 1257 et

331 1300 497 1365 ministra!
546 1297 642 1365 Hanc
657 1299 717 1364 tibi
731 1306 871 1365 mortem
885 1299 1000 1363 vulnus
1015 1297 1133 1362 amoris
1153 1296 1283 1380 ingerit,

332 1412 370 1468 ut
385 1402 511 1488 dejure
525 1403 585 1467 tibi
600 1402 686 1487 quod
701 1402 825 1467 dictum
839 1409 889 1466 est
903 1401 1072 1467 vendicare
1089 1401 1159 1484 jam
1173 1400 1285 1484 possis,

333 1506 480 1571 ‘Fulcite
503 1526 556 1570 111
579 1504 721 1583 floribus,
744 1503 860 1587 stipate
881 1524 935 1567 mc
955 1502 1058 1581 malis,
1081 1502 1158 1586 quia
1177 1522 1286 1567 amore

331 1609 493 1691 langueo.³
538 1607 627 1673 Quid
647 1608 733 1672 enim
748 1606 880 1672 floribus
894 1608 958 1671 nisi
972 1614 1157 1671 sanctorum
1176 1628 1287 1671 recens

333 1714 506 1791 conversio,
523 1711 600 1795 quid
618 1712 711 1775 malis
734 1710 798 1775 nisi
817 1710 1003 1774 eorumdem
1022 1711 1059 1774 in
1080 1711 1200 1775 virtute
1217 1711 1287 1794 jam

333 1815 470 1880 solidata
498 1816 734 1879 consummatio
767 1814 991 1897 intelligitur?
1050 1814 1140 1879 Odor
1169 1815 1287 1899 quippe

333 1919 449 1998 bonus,
464 1926 497 1983 et
516 1916 620 1981 futuri
637 1916 762 1980 fructus
781 1916 818 1979 in
837 1917 916 1981 flore
937 1936 1009 1999 spes
1029 1916 1287 1996 1111111111-

333 2046 402 2090 rem
424 2026 524 2108 spirat
546 2022 687 2088 ecclesiae
709 2031 895 2087 sanctorum
918 2023 1091 2100 conversio,
1112 2022 1148 2085 in
1171 2021 1287 2105 quibus

333 2129 369 2193 in
393 2129 496 2192 virum
517 2126 697 2211 perfectum
713 2127 782 2211 jam
804 2124 952 2190 formatis
973 2125 1098 2190 1111111
1120 2125 1194 2190 vitae
1215 2146 1288 2209 pro·

334 2231 464 2295 ducitur
474 2238 508 2295 et
522 2236 713 2294 maturatur.
739 2229 801 2294 His
811 2228 912 2313 igitur
922 2232 991 2315 jam
1005 2230 1165 2313 languens
1178 2231 1288 2295 anima

333 2334 439 2397 1111111
453 2333 604 2417 postulat,
620 2332 731 2416 stipari
749 2331 919 2411 desiderat,
934 2340 972 2396 ut
990 2334 1144 2418 exemplis
1161 2340 1287 2397 sancto-

334 2457 407 2500 rum
428 2435 489 2500 sibi
506 2434 676 2519 propositis
695 2436 730 2499 in
750 2456 818 2499 suae
838 2436 1052 2501 conversionis
1071 2436 1165 2501 initio
1184 2435 1288 2501 beatae

334 2540 464 2622 ferveat,
494 2545 528 2603 11
556 2545 709 2622 provectu
737 2539 892 2623 proficiat,
919 2546 953 2603 et
977 2539 1015 2603 in
1043 2540 1133 2604 exitu
1159 2539 1287 2604 fortiter

334 2641 525 2705 inardescat.
571 2642 669 2706 Unde
685 2642 767 2707 mihi
786 2641 890 2720 flores,
905 2642 992 2706 unde
1011 2642 1098 2706 mala
1117 2641 1234 2725 quibus
1256 2656 1288 2707 tc

335 2742 497 2809 carissime
525 2744 666 2821 firlciam,
696 2752 763 2808 tuae
793 2743 910 2827 quibus
940 2745 1057 2809 animas
1084 2746 1121 2809 in
1146 2747 1288 2812 Domino

337 2848 417 2911 Jesu
442 2848 511 2932 jam
540 2848 710 2930 languenti
735 2847 952 2911 satisfaciam?
1006 2847 1072 2912 Sed
1095 2870 1190 2913 ame
1212 2848 1289 2932 quid

337 2951 445 3035 exigas
471 2970 543 3033 quae
567 2971 666 3033 penes
691 2959 725 3015 te
751 2961 838 3031 sunt,
863 2973 935 3035 quae
959 2952 1068 3017 liberis
1087 2954 1155 3037 jam
1182 2954 1288 3037 palam

337 3052 561 3136 conspectibus
576 3053 736 3117 intueris?
781 3054 1003 3119 Cisterciensis
1020 3056 1153 3121 ecclesia
1167 3078 1225 3140 per
1239 3079 1289 3121 or·

337 3155 412 3221 bem
431 3155 496 3221 late
511 3154 658 3235 effloruit,
675 3176 746 3238 quoe
762 3157 857 3221 flores
878 3159 994 3223 mundi
1012 3160 1209 3243 gratissimos
1230 3181 1290 3223 un-

337 3258 505 3341 dequaque
534 3257 717 3342 decerpens,
747 3260 832 3344 ipsos
860 3262 1029 3327 transtulit
1057 3264 1094 3327 in
1122 3284 1166 3343 se,
1193 3272 1226 3328 et
1254 3264 1291 3327 in

324 3360 496 3449 'quosdam
523 3360 663 3443 paradisi
685 3361 778 3425 flores
801 3364 921 3427 caelesti
946 3364 1086 3447 quadam
1109 3367 1290 3431 mutatione

338 3462 587 3528 transformavit.
632 3465 724 3549 Ipsos
746 3474 856 3530 mente
881 3468 1066 3551 conspicias,
1090 3477 1128 3533 ut
1149 3470 1291 3535 novellas

338 3566 493 3631 olivarum
512 3565 548 3629 in
573 3566 672 3650 ipsius
694 3589 815 3632 mensae
835 3569 973 3635 circuitu
997 3572 1203 3656 pullulantes.
1248 3574 1292 3637 In

339 3669 481 3752 ipsorum
501 3667 622 3752 optime
639 3691 747 3735 curres
767 3671 909 3751 odorem,
924 3675 981 3757 qui
1000 3676 1089 3739 velut
1108 3676 1291 3742 adolescen-

339 3771 428 3849 tulae,
452 3792 589 3854 quarum
614 3793 680 3836 non
707 3782 756 3837 est
779 3797 945 3856 numerus,
969 3778 1005 3841 in
1027 3778 1160 3845 odorem
1183 3782 1292 3866 sponsi

339 3892 468 3937 currere
496 3894 565 3938 non
588 3874 757 3940 desistunt.
804 3877 954 3944 Quodsi
979 3902 1076 3965 poma
1099 3888 1172 3965 post
1196 3883 1291 3948 flores

340 3976 451 4058 exigis,
463 3976 536 4059 ,ipsa
558 3998 684 4061 quoque
704 3987 763 4058 est,
780 4002 853 4063 quae
873 3983 993 4049 caelesti
1013 4006 1129 4067 sponso
1152 3986 1291 4069 quadam

339 4079 550 4162 praerogativa
564 4079 725 4160 decantat,
742 4083 882 4149 ‘Omnia
902 4106 998 4169 poma
1018 4108 1102 4152 nova
1123 4097 1157 4152 et
1175 4096 1294 4167 vetera,

339 4181 457 4245 dilecte
480 4182 536 4261 mi,
559 4186 715 4249 reservavi
737 4185 820 4250 tibi.'
865 4189 907 4253 In
930 4190 1001 4273 ipsa
1024 4212 1101 4274 grex
1126 4198 1293 4257 tonsarum

341 4292 400 4363 est,
422 4286 477 4368 qui
500 4285 643 4369 deposito
667 4288 789 4371 peccati
812 4291 937 4369 vellere,
962 4293 1003 4357 de
1025 4294 1226 4377 poenitentiae
1248 4296 1293 4359 la-
