3225 5192
294 693 360 736 an.
379 670 576 754 llas-48]
620 691 831 737 ssocrsrarm
848 692 1026 737 nrrsrosns.
1204 679 1243 741 ⁷1

293 808 520 893 antiquitatem
529 808 596 873 suis
607 809 809 892 aliquatenus
819 809 917 873 vultis
928 810 1063 876 convelli
1073 811 1245 892 radicibus,

292 912 511 977 inchoandum
525 913 587 977 erit
602 934 622 977 a
637 913 749 997 eapite,
765 918 803 977 ut
820 913 898 978 inde
915 914 951 977 in
965 914 1099 981 barbam
1113 915 1245 981 deseen-

292 1015 371 1081 dens
399 1022 606 1099 unguentum
640 1016 783 1094 Domini,
814 1038 903 1081 oram
933 1018 1031 1082 etiam
1060 1018 1245 1084 vestimenti

291 1118 442 1201 attingat,
457 1125 491 1183 et
513 1119 559 1183 sie
579 1124 688 1184 totum
709 1140 824 1202 eorpus
844 1120 985 1185 eeclesiae
1003 1128 1098 1187 tanto
1118 1122 1244 1201 melius,

291 1229 412 1305 quanto
427 1221 584 1301 diffusim,
601 1244 667 1287 suae
680 1222 859 1304 flagrantiae
880 1223 1038 1288 suavitate
1059 1224 1243 1309 perfundat.

251 1324 445 1403 stetitioni
456 1346 535 1389 meae
546 1344 711 1389 assensum
721 1324 873 1401 (lemnon
882 1325 945 1389 alia
953 1326 1071 1391 fiducia
1080 1326 1243 1411 depreoor,

291 1426 354 1491 nisi
381 1432 420 1491 ut
449 1426 525 1510 quia
553 1447 679 1509 semper
705 1426 840 1491 audistis
866 1426 1077 1508 immeritum,
1104 1422 1243 1494 audietis

292 1530 406 1609 adhue,
421 1536 454 1594 et
468 1551 536 1595 non
550 1530 727 1614 ingratum.
773 1529 900 1595 Valete.

247 1924 253 1935 ,
300 1855 519 1921 EPISTOLA
541 1854 722 1921 LIV.-sn
739 1875 952 1919 wrnsssunu
969 1876 1013 1919 ns
1031 1876 1229 1921 cumensis.

293 2008 330 2070 G.
345 2008 407 2071 Dei
417 2010 526 2089 pratia
540 2007 635 2070 abbas
653 2007 841 2087 Gloeestsioe,
861 2008 1011 2071 Wllelmo
1026 2008 1065 2071 de
1082 2008 1242 2073 Obsi-aneia

695 2112 836 2174 salutes.

334 2261 490 2326 Gnarus
518 2260 579 2337 tibi
608 2280 670 2343 ago
696 2260 736 2325 de
761 2260 913 2325 omnibus
941 2259 1036 2325 bonis
1060 2273 1131 2344 quse
1160 2261 1242 2325 mibi

289 2364 402 2443 fecisti,
417 2364 500 2429 bene
522 2370 687 2448 sperantes
706 2364 746 2427 de
765 2370 810 2442 te,
825 2370 864 2426 ut
883 2384 1009 2447 semper
1032 2362 1073 2426 de
1095 2362 1188 2426 bonis
1205 2364 1240 2425 in

290 2467 422 2531 meliora
435 2467 597 2551 procedas.
642 2467 730 2531 Nam
749 2466 777 2531 si
794 2467 875 2531 dure
893 2467 1090 2551 adpraesens
1109 2488 1240 2550 respon-

291 2569 365 2634 disti
375 2571 466 2650 mihi,
477 2570 702 2649 necessitatem
714 2576 947 2653 quaeteurget,
958 2570 1088 2653 culpare
1097 2590 1240 2653 possum,

290 2674 345 2738 sed
359 2681 393 2739 te
407 2676 536 2759 enlpare
551 2696 618 2739 non
633 2696 773 2757 possum.
802 2674 877 2739 Seio
888 2673 975 2759 quod
990 2674 1112 2738 amicus
1126 2672 1239 2750 amieo,

290 2778 399 2861 nepoti
421 2777 597 2841 avunnrlus
619 2776 757 2841 libenter
778 2775 976 2860 paroeret,si
997 2774 1170 2840 necessitas
1189 2775 1239 2837 in·

290 2886 378 2942 stans
394 2878 457 2943 hoe
474 2878 684 2963 permitteret.
729 2879 773 2941 Et
791 2877 922 2962 quidem
940 2877 1002 2942 hoo
1018 2876 1142 2970 bonum
1157 2882 1240 2940 esset

290 2982 377 3062 mihi,
402 2982 458 3047 sed
483 2983 587 3046 multo
612 2981 728 3045 melius
757 2981 828 3046 tibi.
874 2981 963 3045 Nam
992 2980 1020 3044 si
1047 2987 1093 3044 tu
1114 3000 1174 3043 nos
1203 2980 1239 3043 in

290 3083 518 3167 temporalibus
538 3082 680 3167 adjuvas,
695 3104 755 3147 nos
772 3082 835 3147 tibi
852 3082 1031 3166 spiritualia
1044 3089 1157 3146 nostra
1170 3104 1238 3146 non

290 3207 453 3269 negamus.
500 3186 536 3249 Si
564 3186 652 3249 omni
682 3186 734 3250 die
763 3184 849 3268 apud
877 3208 937 3251 nos
966 3206 1088 3265 omnes,
1113 3184 1163 3249 ibi
1187 3186 1238 3249 tui

288 3288 441 3352 memoria
455 3288 572 3371 agitur,
588 3287 645 3351 ubi
659 3286 743 3370 patri
757 3286 842 3351 filius
856 3286 1053 3351 immolatur.
1097 3286 1162 3349 Sed
1176 3286 1237 3350 hoe

287 3390 418 3455 fortasse
433 3390 510 3475 quid
528 3390 569 3455 sit
582 3390 722 3473 ignoras,
737 3390 788 3453 vel
803 3390 830 3454 si
843 3390 928 3454 bene
942 3390 1037 3468 nosti,
1053 3411 1120 3453 non
1132 3410 1235 3453 curas.

286 3492 356 3557 Nee
378 3494 537 3577 permittit
561 3493 686 3557 instans
712 3493 896 3571 necessitas,
921 3500 958 3557 ut
984 3492 1125 3557 multum
1149 3492 1238 3557 inter

287 3596 403 3661 amieos
427 3603 460 3661 et
486 3596 564 3661 alios
587 3597 758 3661 discernas.
803 3596 884 3661 Ideo
906 3595 1090 3680 quindecim
1113 3617 1236 3660 mareas

286 3696 412 3779 argenti
436 3695 496 3760 tibi
525 3696 684 3761 mittimus
709 3704 870 3779 rogantes,
895 3704 933 3761 ut
958 3698 1042 3762 sicut
1066 3719 1121 3763 eas
1149 3697 1236 3762 bona

284 3800 450 3863 voluntate
468 3798 638 3879 mittimus,
653 3799 701 3863 ita
719 3806 753 3864 et
775 3820 828 3865 eas
850 3798 938 3864 bona
953 3800 1120 3865 voluntate
1137 3799 1235 3865 susei-

283 3902 361 3986 pias,
376 3922 419 3967 ne
441 3903 469 3967 ai
491 3902 588 3967 nimis
611 3903 710 3987 spiras
728 3903 770 3969 ad
789 3924 933 3981 censum,
948 3902 1078 3968 illorum
1097 3904 1157 3987 qni
1176 3923 1235 3987 pro

281 4012 314 4069 te
344 4010 422 4069 snut
450 4004 491 4069 ad
520 4004 707 4084 Dominum,
737 4026 815 4088 erga
842 4012 877 4070 te
909 4006 1037 4071 minuas
1070 4006 1234 4070 affectum.

282 4108 460 4186 Memento,
476 4107 563 4191 quod
579 4106 646 4171 vita
666 4112 725 4171 tara
745 4107 855 4171 snmus
877 4106 1012 4189 exiguus
1033 4112 1093 4185 est,
1109 4113 1142 4170 et
1162 4112 1235 4169 tota

281 4216 340 4275 tna
362 4210 464 4293 gloria
485 4210 587 4293 pulvis
609 4216 643 4273 et
657 4210 782 4275 vermis
829 4209 938 4275 Hodie
960 4230 1004 4287 es,
1019 4215 1053 4273 et
1075 4229 1144 4273 eras
1165 4228 1233 4271 nou
1275 4256 1284 4262 .-

281 4308 352 4387 eris,
367 4309 418 4372 vel
438 4308 465 4373 si
484 4330 554 4373 oras
569 4308 640 4387 eris,
656 4309 759 4373 neseis
773 4308 800 4373 si
815 4309 877 4373 eris
891 4316 973 4392 post.
1018 4306 1104 4371 Etsi
1119 4304 1233 4369 exieris
