3225 5192
262 682 331 725 ω.
348 659 546 743 1148-61.]
597 680 1084 727 ssssrosmsusrssrrsrocn.
1154 666 1216 729 171

262 797 407 862 animum
430 796 502 859 vela
527 816 599 880 quae
627 795 806 880 reportabis
836 796 987 861 afficient.
1033 797 1119 863 Quia
1141 819 1215 863 vero

261 907 335 985 post
359 898 579 983 episcopatum
608 898 738 963 domino
766 920 858 983 papae
883 906 916 963 ct
942 900 1039 965 curiae
1063 900 1099 965 iu
1124 902 1215 966 nullo

262 1003 385 1081 servivi,
400 1002 463 1067 illis
477 1001 575 1066 verba
588 1002 718 1067 mittere
733 1002 911 1067 formidavi.
951 1002 1041 1067 Quid
1055 1003 1143 1067 cuim
1157 1012 1215 1069 aut

261 1110 297 1173 in
312 1130 409 1193 quem
423 1107 558 1171 modum
573 1104 710 1169 scribam
725 1106 843 1184 nescio,
859 1112 893 1170 et
906 1106 1087 1190 praesentiae
1100 1114 1215 1171 vestrae

262 1212 418 1296 scriptum
438 1231 547 1275 meum
566 1208 729 1273 modicum
743 1209 890 1273 conferre
903 1230 971 1273 non
984 1209 1109 1291 ignoro.
1154 1210 1215 1275 Iti·

261 1313 333 1378 neri
356 1320 465 1379 autem
485 1319 543 1376 tuo
560 1310 596 1374 in
616 1331 655 1375 eo
675 1310 761 1395 quod
780 1310 954 1391 mandasti,
970 1318 1003 1375 ct
1022 1311 1058 1376 in
1076 1312 1214 1395 eoquod

260 1417 409 1481 internus
435 1437 525 1480 amor
548 1414 663 1479 suadet
688 1415 836 1498 amplius,
857 1416 1086 1499 jocundissime
1111 1416 1214 1500 provi·

261 1520 354 1585 debo.
378 1519 517 1583 Interim
528 1526 638 1583 autem
654 1518 681 1581 si
694 1518 833 1583 honesta
846 1540 881 1583 se
896 1518 1015 1583 obtulit
1028 1520 1213 1600 transactio,

261 1623 323 1708 ipsi
348 1623 427 1688 stari
456 1644 535 1708 rogo
561 1622 715 1687 simulet
743 1622 887 1687 consulo.
931 1622 1049 1688 Valeat
1078 1623 1215 1688 dilectus

260 1748 362 1791 meus.

260 1932 481 1999 EPISTOIrA
503 1932 749 2019 CXXXI.-sn
769 1952 1004 1998 nsuosrnnun
1024 1951 1214 1999 enunciar-

516 2056 630 2099 nusnn
646 2056 960 2102 rncnrsrrscorcn.

262 2190 356 2253 Patri
369 2208 424 2251 ruo
439 2194 470 2252 et
484 2188 605 2252 domino
620 2190 653 2251 T.
667 2187 885 2252 Oontuartenei
899 2190 961 2253 Dea¹
971 2191 1080 2272 pratia
1094 2190 1214 2254 aretia

297 2294 427 2374 piaeopo
441 2294 613 2375 Auplorum
621 2294 756 2375 prietati
769 2298 800 2356 et
814 2299 929 2357 sancte
943 2294 1026 2357 sedis
1040 2296 1214 2379 apostolice

304 2396 415 2479 tapeto,
433 2394 543 2477 frater
568 2396 607 2459 G.
627 2394 878 2477 Heresordienaie
906 2398 1039 2461 ecclesie
1063 2398 1213 2476 minister,

303 2498 433 2559 salutem
447 2502 478 2560 et
492 2496 704 2560 obedientiam.

306 2648 409 2710 Sc1sn
438 2669 509 2731 quae
535 2648 620 2712 eirea
642 2668 697 2712 vos
723 2654 811 2727 sunt,
834 2656 868 2713 et
891 2649 933 2714 ad
954 2670 1046 2733 posse
1065 2656 1214 2715 nostrum

259 2750 348 2815 vobis
367 2751 403 2815 in
425 2751 575 2815 omnibus
597 2751 728 2817 obedire
748 2753 925 2836 cupientes,
941 2754 983 2818 ad
1002 2775 1058 2817 vos
1074 2774 1213 2837 praesen-

259 2854 343 2918 tium
364 2855 498 2919 latorem
518 2855 696 2939 dirigimus,
712 2863 751 2921 ut
766 2856 806 2921 de
820 2856 1085 2922 transfretatione
1098 2864 1213 2934 vestra,

260 2957 299 3022 de
321 2978 411 3022 mora
433 2958 531 3022 etiam
553 2959 635 3023 citra
647 2960 697 3024 vel
718 2966 810 3025 trans
829 2982 918 3025 mare
936 2961 1091 3045 rescripto
1107 2968 1215 3025 vestro

260 3069 387 3125 certum
405 3061 527 3145 aliquid
545 3062 775 3147 intelligamus,
793 3063 966 3148 adjuvante
989 3086 1130 3149 namque
1147 3064 1214 3129 Do-

260 3164 349 3229 mino
362 3186 431 3229 non
450 3164 486 3229 in
504 3165 664 3229 incertum
685 3186 860 3247 curremus,
876 3188 949 3231 cum
968 3168 1009 3233 de
1024 3168 1113 3233 vobis
1127 3174 1215 3233 certa

204 3330 212 3349 ,
260 3268 453 3332 noverimus.
495 3268 546 3333 De
561 3275 677 3333 caetero
690 3290 844 3352 rogamus
859 3270 887 3333 si
901 3271 1016 3354 placet,
1030 3278 1069 3335 ut
1083 3292 1215 3337 causam

260 3392 332 3454 qnoe
341 3372 428 3435 inter
438 3372 589 3437 comitem
606 3370 815 3450 Herefordiae‚
826 3380 860 3437 et
873 3373 914 3437 G.
925 3372 965 3438 de
979 3375 1058 3439 Laci
1067 3375 1213 3452 vertitur,

259 3472 399 3539 breviter
413 3475 595 3540 advertatis.
623 3476 828 3561 Conquestns
842 3484 892 3541 est
906 3477 1000 3542 uobis
1016 3478 1057 3541 G.
1073 3477 1114 3543 de
1125 3480 1212 3556 Iraci,

259 3578 411 3642 comitem
428 3575 627 3643 Herefordiae
644 3579 806 3661 quendam
826 3580 964 3645 militem
986 3602 1082 3644 suum
1103 3582 1214 3647 Ricar-

260 3680 338 3745 dum
358 3680 479 3745 scilicet
501 3682 670 3746 Britonem
689 3684 725 3747 iu
745 3682 886 3767 quodam
908 3683 1065 3748 cimiterio
1082 3686 1212 3768 cepisse.

260 3784 360 3868 Cujus
374 3786 421 3849 rei
434 3785 660 3869 probationem
683 3787 775 3851 miles
795 3787 836 3851 de
851 3808 978 3851 carcerc
998 3809 1062 3871 quo
1081 3788 1213 3853 tenebe-

259 3894 323 3965 tur,
337 3887 466 3951 directis
478 3888 519 3952 ad
532 3910 592 3952 nos
603 3890 728 3954 nuntiis
740 3890 905 3969 offerebat,
918 3890 1100 3974 supplicans
1111 3891 1214 3955 officio

259 3998 370 4055 nostro
383 3990 519 4056 liberam
530 3991 591 4055 sibi
606 3993 656 4056 sui
670 3992 860 4057 facultatem
875 3994 917 4057 ad
931 4000 1059 4079 tempus
1071 3994 1213 4073 concedi,

259 4100 296 4157 ut
311 4116 370 4177 pro
385 4116 419 4159 se
435 4102 519 4159 stare
534 4100 641 4178 posset
656 4095 691 4157 in
708 4095 791 4179 jure,
808 4101 841 4159 et
861 4095 889 4159 si
907 4118 971 4179 qua
984 4097 1020 4159 in
1035 4097 1084 4160 sui
1099 4095 1214 4160 libera-

203 4193 208 4202 '
259 4196 382 4262 tionem
404 4198 547 4278 haberet,
567 4198 637 4263 haee
659 4198 806 4281 allegare.
854 4198 951 4264 Quod
971 4198 1117 4281 aequitati
1139 4219 1214 4262 con-

259 4301 391 4366 cordare
409 4301 603 4385 judicantes,
623 4302 691 4367 haec
711 4301 821 4367 comiti
836 4323 875 4366 er
890 4302 1053 4366 sententia
1073 4300 1214 4383 injunxi-
