3225 5192
363 649 407 714 36
618 665 909 710 emeanrrronron
923 665 1067 712 samma

363 801 477 878 tentia,
492 799 579 884 prior
594 797 811 881 Radingensis
830 819 865 861 se
884 795 926 860 ab
950 797 1071 862 archid.
1087 797 1265 864 Oxoniensi
1286 805 1320 864 et

365 902 482 968 abbate
504 900 544 965 de
559 901 768 983 Egevesbam,
784 900 946 964 nescimus
963 899 1000 962 in
1019 921 1083 982 quo
1105 902 1230 983 gravari
1243 923 1320 966 oon-

366 1025 512 1090 querens,
529 1002 727 1068 audientiam
742 1002 866 1067 domini
880 1023 971 1086 papae
985 1003 1149 1085 appellans
1163 1005 1320 1089 injunetoe

365 1107 459 1171 nobis
473 1107 572 1170 finem
586 1105 740 1190 imposuit
755 1105 974 1170 sollicitudini.
1005 1105 1114 1184 Unde,
1125 1127 1168 1170 ne
1180 1115 1321 1171 vestram

367 1231 438 1294 qum
453 1229 551 1294 penes
570 1229 630 1272 nos
649 1215 723 1272 aeta
743 1216 822 1272 sunt
839 1207 964 1292 possint
982 1207 1084 1271 latere
1102 1208 1320 1291 prudentiam,

366 1313 455 1378 vobis
472 1313 536 1376 ista
553 1311 823 1395 transcripsimus,
838 1331 936 1394 quem
957 1310 1122 1375 munitum
1143 1332 1201 1396 per
1214 1313 1323 1378 omnia

367 1427 401 1484 et
415 1439 484 1482 esse
499 1437 625 1500 semper
638 1415 833 1481 ineolumem
848 1422 1076 1500 proeoptamus.
1119 1417 1212 1480 Vale.

368 1788 590 1854 EPISTOLA
616 1788 845 1854 xxm—in
869 1810 1029 1856 aluum(
1052 1812 1322 1857 wldonmuslffl

746 1913 947 1958 nrrscorms.

369 2066 464 2130 Patri
476 2004 532 2130 iao
546 2073 577 2130 et
588 2067 709 2131 domim
722 2068 755 2131 S.
771 2067 978 2150 qumiemi
992 2072 1054 2134 Dei
1061 2073 1170 2154 pratia
1184 2073 1325 2155 episeopo

464 2167 575 2250 frater
592 2169 630 2233 G.
650 2171 828 2235 Glocestrioe
842 2171 944 2236 dietus
958 2174 1063 2252 abdas,
1073 2177 1215 2240 salutm.

422 2346 533 2409 Vos1s
561 2366 644 2431 saepe
673 2346 812 2411 scribere
842 2354 876 2411 et
904 2309 1173 2414 benevolentiam
1186 2357 1326 2414 vestram

369 2448 557 2531 frequenter
570 2449 774 2532 interpellare
790 2451 921 2535 negotia
934 2473 995 2515 nos
1009 2451 1224 2535 multiplicata
1238 2474 1325 2517 eom-

370 2552 506 2635 pellunt.
529 2551 628 2617 Unde
637 2575 711 2617 vero
721 2552 1010 2637 inquietationibus
1025 2555 1144 2619 nostris
1159 2576 1326 2639 speramus

372 2663 405 2720 et
425 2663 628 2739 expectamus
651 2657 774 2736 solatia,
789 2658 837 2722 ibi
851 2680 936 2742 soepe
953 2658 1139 2742 plangimus
1161 2665 1195 2723 et
1213 2667 1327 2724 nostra

370 2758 615 2822 manifestamus
648 2759 862 2824 incommoda.
926 2758 1070 2825 Quidam
1103 2759 1326 2826 ministrorum

371 2869 560 2942 vestrorum,
576 2862 659 2926 sieut
674 2863 819 2927 amultis
834 2862 1013 2927 andivimus
1027 2863 1063 2926 in
1080 2862 1250 2928 commisso
1265 2863 1325 2927 sibi

373 2966 477 3029 officio
493 2965 681 3028 ministrans
701 2965 847 3049 pessime,
868 2967 1016 3049 Algodus
1034 2966 1174 3030 decanus
1197 2967 1327 3031 elerioos

370 3074 500 3132 nostros
525 3067 633 3132 odiose
657 3067 805 3151 persequi
834 3072 868 3130 et
893 3069 1034 3150 affligere
1056 3089 1096 3132 ex
1121 3069 1245 3134 credita
1265 3069 1327 3133 sibi

375 3169 611 3253 dispensatione
632 3189 700 3232 non
723 3169 858 3234 desistit.
904 3169 971 3235 Qui
997 3180 1119 3254 quanto
1138 3172 1327 3238 celebriores

374 3282 408 3336 et
430 3271 615 3335 sacratiores
637 3271 741 3335 cernit
759 3272 931 3337 imminere
945 3273 1137 3338 festivitates
1157 3275 1249 3360 qussi
1269 3296 1327 3339 no·

375 3373 469 3439 eendi
483 3380 598 3438 nactus
618 3375 894 3458 opportunitatem
912 3376 1061 3440 eeclesias
1080 3384 1207 3442 nostras
1227 3377 1328 3442 inter·

375 3477 454 3542 dicit
471 3483 505 3542 et
522 3476 653 3541 elericos
672 3485 798 3542 nostros
818 3477 855 3542 in
871 3479 938 3545 suis
958 3479 1126 3545 ordinibus
1145 3480 1329 3545 ministrare

330 3599 332 3602 ·
377 3579 531 3644 defendit.
577 3579 673 3645 Unde
692 3589 832 3646 vestram
852 3603 1004 3665 rogamus
1026 3583 1080 3667 pia
1101 3603 1228 3667 semper
1249 3604 1328 3667 prte-

376 3683 560 3767 sumptione
585 3683 786 3748 duldedinem
815 3691 854 3749 ut
877 3685 1026 3750 clericum
1050 3693 1198 3751 nostrum
1225 3687 1264 3751 B.
1289 3686 1330 3751 de

375 3786 481 3851 Colna
502 3787 538 3850 in
562 3786 674 3852 ordine
697 3809 756 3853 suo
779 3787 892 3853 diebus
916 3789 987 3853 istis
1010 3789 1195 3855 ministrare
1217 3811 1329 3855 oonee·

379 3888 462 3952 datis
477 3896 511 3953 et
525 3897 649 3954 statuto
663 3888 724 3954 sibi
739 3890 801 3969 die,
817 3890 914 3955 sivos
928 3891 971 3954 ad
983 3891 1045 3957 hoe
1059 3914 1171 3957 vacare
1185 3914 1254 3958 non
1273 3914 1330 3976 po·

287 3996 293 4005 '
378 3991 493 4071 teritis,
516 3999 622 4057 totum
645 3991 731 4076 quod
751 3993 788 4056 in
809 3993 901 4057 illum
926 3994 981 4059 ille
1002 4015 1021 4058 e
1041 3996 1202 4060 eontrario
1224 3995 1330 4059 dictus

379 4094 525 4178 Algodus
547 4095 684 4178 jaculari
705 4095 824 4178 poterit
849 4117 957 4161 coram
980 4097 1203 4164 archidiacono
1224 4106 1330 4163 vestro

378 4193 546 4262 terminari
557 4193 707 4279 jubeatis.
752 4193 823 4259 Nos
837 4216 912 4260 vero
925 4197 1013 4262 illius
1034 4199 1330 4283 suspectnm'babe·

380 4321 454 4364 mus
470 4299 629 4384 judicium
648 4299 740 4382 eujus
757 4299 966 4366 manifestum
984 4301 1102 4366 seimm
1116 4301 1238 4382 odium,
1254 4309 1288 4368 et
1303 4303 1331 4367 si
