3225 5192
381 672 444 735 202
699 686 858 733 emonam
871 686 1016 735 mnoorr

380 830 454 875 eum
480 808 630 875 adversus
653 828 729 873 eum
754 807 910 891 magister
934 806 1114 871 Mattheus
1138 806 1332 885 intenderet,

381 912 422 977 sd
445 911 642 979 audientiam
665 910 873 995 apostolicam
893 910 1079 994 appellasse,
1101 930 1200 994 seque
1221 910 1263 974 ad
1284 930 1332 975 se·

380 1015 456 1081 dem
484 1015 587 1099 ipsam
616 1014 825 1099 apostolicam
852 1014 1051 1078 instructum
1077 1012 1213 1080 venisse.
1266 1012 1334 1077 Ubi

381 1140 482 1203 quum
501 1118 649 1202 magistri
670 1117 823 1183 Mnttbaei
845 1116 904 1181 diu
921 1116 1124 1201 prestolatus
1143 1116 1258 1181 fuisset
1274 1114 1332 1179 nd-

381 1228 525 1301 ventum‚
540 1242 601 1286 neo
622 1222 692 1305 ipso
706 1241 767 1287 nec
782 1242 841 1307 pro
855 1241 889 1284 se
903 1220 1011 1303 aliquo
1024 1227 1242 1304 temperante,
1258 1241 1332 1304 epo·

381 1326 494 1391 stolieo
513 1324 647 1391 tandem
662 1324 785 1410 judicio
804 1324 889 1389 hane
907 1323 1022 1408 ipsam,
1036 1330 1075 1389 ut
1095 1324 1219 1403 merit,
1233 1324 1331 1387 eecle-

381 1430 463 1494 siam
485 1428 525 1495 de
547 1429 721 1513 Langnran
741 1428 784 1493 sd
801 1430 856 1513 jos
879 1428 1014 1493 Monem
1021 1426 1174 1512 [utensis]
1193 1426 1333 1491 eeclesiae

381 1532 551 1617 pertinere,
576 1532 802 1597 instrumentis
825 1532 960 1597 testium
982 1538 1015 1595 et
1032 1530 1228 1615 juramentis
1246 1531 1332 1595 suffi-

264 1717 276 1740 ι
381 1637 504 1701 cientes
527 1636 678 1715 ostendit,
701 1643 735 1701 et
760 1657 857 1719 super
881 1635 943 1699 hae
966 1635 1025 1699 lite
1048 1634 1217 1699 vintoniam
1239 1633 1333 1697 bono

381 1740 545 1805 memoriae
564 1738 688 1805 domini
706 1760 798 1823 popae
812 1738 950 1822 Adriani
969 1738 1131 1803 sententis
1149 1737 1331 1822 reportavit.

246 1837 274 1946 Ἰ
384 1843 427 1909 In
453 1844 546 1927 eujus
570 1842 769 1927 probationis
794 1864 864 1907 suoe
891 1848 926 1907 et
954 1840 1133 1905 seeundum
1158 1862 1237 1905 eum
1259 1840 1335 1904 lstae

382 1947 553 2011 sententies
569 1946 800 2025 testimonium,
817 1944 1020 2030 privilegium
1041 1943 1188 2029 ejusdem
1208 1943 1333 2009 domini

382 2070 473 2133 papae
497 2048 632 2113 Adriani
658 2049 810 2114 ostendit.
861 2048 958 2113 Hane
981 2048 1086 2132 ipsam
1110 2046 1335 2132 probationem

382 2153 568 2232 testificans,
580 2158 613 2216 et
624 2151 790 2216 ecelesiam
805 2151 847 2215 do
861 2152 1020 2216 Innrnae’
1032 2151 1174 2216 eeclesiae
1184 2152 1333 2215 Monem-

389 2256 524 2340 [utensi]
552 2256 756 2320 confirmans.
801 2255 962 2338 Magister
982 2276 1057 2319 vero
1080 2254 1258 2319 Mattheus
1279 2253 1335 2317 sd·

382 2379 510 2422 versum
526 2379 559 2423 se
575 2357 742 2423 absentem
757 2365 790 2423 et
804 2356 1011 2423 indefensum
1026 2358 1220 2423 sententiam
1236 2358 1335 2421 latam

383 2461 482 2526 fuisse
502 2460 646 2539 audiens,
666 2460 804 2545 priorem
826 2461 888 2525 hoe
909 2462 991 2525 falsa
1012 2461 1218 2545 suggestione
1238 2458 1336 2546 [obti-

383 2562 508 2651 nuisse]
526 2564 671 2629 asseruit.
718 2564 815 2631 Quod
833 2572 871 2629 ot
890 2564 926 2628 in
943 2572 1048 2628 vestra
1066 2564 1181 2648 probet
1198 2584 1335 2648 praesen-

383 2668 439 2747 tia,
456 2667 497 2733 ad
512 2668 710 2733 audientiam
725 2675 864 2732 vestram
879 2668 920 2731 ad
934 2666 1054 2731 festum
1065 2667 1222 2731 Omnium
1239 2668 1336 2731 Sane-

383 2779 492 2837 torum
507 2772 687 2857 appellavit.
732 2771 850 2836 Valeat
864 2770 1015 2835 dominus
1030 2793 1121 2836 meus
1142 2776 1175 2836 et
1194 2771 1335 2855 paterio

384 2876 514 2941 Christo
529 2875 720 2941 carissimus.

549 3194 771 3260 EPISTOLA
793 3194 991 3261 CLII.-so
1008 3215 1163 3260 nonnam.

384 3345 479 3408 Patri
492 3365 549 3409 suo
563 3352 594 3409 et
609 3347 730 3410 domino
744 3367 861 3411 mmmo
869 3346 1015 3430 pontifici
1029 3350 1070 3411 Α.
1078 3346 1188 3430 frater
1201 3349 1238 3410 G.
1255 3348 1335 3410 Lon-

428 3448 583 3513 dooiensis
597 3450 730 3513 ecclesie
744 3453 895 3529 minbter,
911 3452 1052 3516 devotum
1067 3452 1211 3515 cantatis
1224 3458 1255 3514 et
1269 3450 1336 3514 ode-

428 3552 551 3615 dientia
555 3550 755 3634 famulatum.

427 3702 507 3767 Cure
525 3702 662 3767 instaret
681 3703 769 3788 apud
786 3726 848 3769 nos
863 3704 1058 3770 Godefridus
1072 3704 1113 3769 de
1128 3705 1218 3781 Loci,
1234 3704 1336 3769 arehi-

383 3805 537 3870 diaoonus
567 3806 677 3887 Derbi,
708 3814 746 3871 ut
775 3828 873 3892 super
900 3808 1095 3892 quibusdam
1128 3808 1260 3873 decimis
1294 3807 1336 3871 ed

384 3929 486 3988 suam,
510 3916 549 3974 ut
574 3910 696 3990 asserit,
719 3910 928 3994 prebendam
952 3912 1201 3997 pertinentibus,
1227 3910 1335 3975 adver·

384 4032 438 4076 sus
467 4012 625 4077 Thomam
653 4013 815 4092 clericum,
841 4015 938 4098 juxta
959 4014 1056 4078 vestri
1079 4015 1218 4077 formam
1246 4033 1336 4075 man·

384 4116 452 4180 dati
481 4116 641 4201 justitiam
676 4126 936 4201 eonsequeretur‚
966 4100 1124 4183 Thomam
1159 4116 1235 4181 ilieo
1263 4136 1337 4180 nos-

384 4226 471 4284 trum
502 4220 643 4285 intendit
672 4218 833 4285 declinare
859 4219 1028 4305 judicium,
1057 4218 1233 4284 ostendens
1266 4224 1338 4301 post

385 4323 520 4389 directas
546 4325 586 4389 sd
613 4346 671 4390 nos
697 4324 807 4390 literas
834 4331 954 4389 vestras
980 4323 1069 4388 aliud
1094 4346 1114 4387 a
1139 4322 1337 4388 sublimitate
