3225 5192
217 731 284 776 ao.
303 710 500 793 nol-aa]
550 728 792 773 uoroormrsrs
807 726 986 772 semrom.
1109 704 1174 772 283

218 849 304 913 facta
317 847 485 914 celebriter
500 848 657 913 electione
672 847 823 930 suscepit.
860 846 967 912 Quem
984 847 1060 930 quia
1074 847 1174 910 eccle-

220 953 274 1016 siae
293 952 355 1035 ipsi
376 952 417 1016 ad
438 973 534 1035 quam
548 957 679 1015 vocatus
699 958 759 1028 est,
774 971 869 1033 opem
888 957 921 1014 et
942 950 1079 1032 gratiam
1093 972 1173 1033 prae-

220 1065 327 1120 staute
352 1056 503 1133 Domino,
527 1056 563 1119 in
586 1054 697 1118 multis
721 1054 881 1118 credimus
904 1053 1118 1137 profuturum,
1141 1060 1175 1117 et

221 1180 350 1223 omnem
363 1158 451 1223 vobis
466 1167 500 1222 et
515 1165 635 1221 sauctae
646 1159 802 1222 Romame
818 1157 960 1221 eeclesiae
971 1157 1174 1221 devotionem

220 1259 255 1323 in
270 1259 526 1343 quibuscumque
541 1258 660 1342 poterit
674 1258 906 1338 exhibiturum,
922 1258 1008 1342 apud
1023 1258 1176 1323 sanctita·

221 1370 289 1427 tem
313 1368 452 1427 vestram
477 1383 553 1426 cum
579 1361 712 1425 eeclesia
731 1363 883 1445 pulsante
904 1362 1079 1446 pulsamus,
1101 1384 1176 1426 cum

222 1467 406 1551 postulante
443 1486 553 1550 preces
590 1466 762 1528 affectuose
791 1464 995 1547 porrigimus,
1023 1472 1063 1527 ut
1091 1464 1178 1547 quod

224 1578 332 1633 actum
360 1576 419 1647 est,
446 1590 485 1633 ea
510 1590 574 1651 qua
599 1567 743 1651 praeestis
769 1574 801 1630 et
826 1567 961 1650 potestis
986 1567 1178 1630 auctoritate

223 1672 392 1751 roboratis,
408 1679 441 1735 et
462 1671 595 1754 negotio
616 1670 694 1734 huic
715 1691 850 1733 manum
872 1691 1055 1754 supremam
1076 1670 1178 1753 impo-

223 1776 342 1853 nendo,
359 1782 392 1839 et
406 1775 507 1859 ipsius
522 1773 795 1839 consecrationem
816 1780 951 1857 paterna
969 1773 1090 1856 pietate
1108 1794 1178 1837 ma·

225 1878 375 1957 turencio,
400 1886 433 1943 et
459 1898 534 1942 eum
557 1885 591 1942 et
615 1876 819 1941 commissam
842 1876 1007 1940 ecclesiam
1028 1876 1118 1941 vobis
1143 1876 1180 1940 iu

226 2004 357 2047 omnem
372 1981 549 2065 gratiamm
561 1980 721 2045 actionem
736 1987 769 2044 et
785 1980 928 2045 caritatis
941 1980 1179 2064 plenitudinem

115 2088 118 2091 ’
228 2085 328 2149 artius
342 2084 502 2168 obligetis,
518 2092 556 2148 ut
571 2082 713 2147 ecolesiae
731 2104 789 2166 per
806 2104 863 2147 vos
880 2083 917 2147 in
936 2104 1037 2167 regno
1051 2084 1180 2167 Angliae

228 2208 331 2271 nuper
345 2186 473 2251 indulta
487 2187 619 2251 libertas
634 2186 669 2249 in
684 2186 751 2249 suis
765 2186 922 2251 coalescat
935 2186 1037 2250 initiis
1056 2195 1089 2250 et
1108 2208 1179 2269 gra.
1233 2211 1238 2226 ·

228 2292 308 2355 tiam
329 2297 468 2373 augente
488 2288 642 2375 Domino,
662 2288 789 2354 fortiter
808 2289 878 2373 ipso
898 2295 1007 2355 tractu
1027 2289 1182 2374 temporis

228 2393 439 2458 convalescat

378 2656 601 2775 EPISuoun
623 2710 867 2775 cum-ro
882 2728 1039 2774 rororis,

233 2863 328 2925 Patri
341 2883 396 2927 sao
411 2868 442 2927 el
457 2864 576 2927 mirso
591 2883 707 2926 summo
716 2861 862 2944 poalffici
877 2863 917 2924 A.
925 2862 1035 2943 frater
1049 2865 1086 2926 G.
1102 2864 1186 2926 Loa-

276 2968 432 3031 dossienss's
452 2968 585 3031 ecclesia
604 2966 754 3045 minister,
768 2967 826 3047 pie
844 2966 1011 3029 salutastis
1031 2965 1186 3049 affectum,

277 3078 308 3135 et
323 3072 437 3135 dwotoe
451 3071 648 3153 subjectionis
662 3069 847 3152 obsequium.

278 3223 497 3300 assumas,
520 3228 621 3305 patu,
645 3220 777 3286 ecclesia
797 3220 834 3284 in
855 3240 986 3284 omnem
1009 3220 1188 3303 gratimum

234 3324 395 3390 actionem
417 3325 582 3389 sanctitati
603 3331 717 3389 vestrae
741 3344 775 3393 se
796 3323 919 3388 fatetur
939 3322 1121 3402 obnoxiam,
1139 3345 1188 3402 eo,

236 3436 337 3512 pater,
361 3429 447 3511 quod
471 3436 680 3511 praesentatas
704 3426 896 3491 sublimitati
915 3434 1031 3490 vestra
1051 3427 1190 3491 fratrum

236 3540 421 3597 nostrorum
444 3532 616 3597 electiones
639 3532 762 3615 placide
788 3530 981 3614 suscepistis,
1003 3539 1038 3595 et
1061 3532 1191 3595 easdem

237 3636 338 3720 patris
357 3635 461 3699 nostri
481 3635 604 3699 domini
624 3634 866 3699 Cautuariensis
880 3634 983 3697 officio
994 3632 1191 3710 confirmari,

237 3746 272 3803 et
287 3739 405 3803 electos
419 3738 504 3821 ipsos
524 3738 593 3821 ejus
613 3760 714 3802 manu
733 3735 913 3803 consecrari
931 3738 986 3821 pia
1005 3744 1038 3801 ct
1056 3744 1193 3819 paterna

240 3842 344 3925 gratia
358 3840 561 3906 concedistis.
606 3840 681 3906 Qua
699 3841 734 3903 in
754 3862 789 3904 re
807 3840 902 3924 juges
916 3839 1063 3903 lacrimas
1079 3862 1158 3923 quss
1173 3862 1194 3903 a

238 3943 351 4007 multis
365 3943 508 4007 diutinus
525 3944 594 4027 jam
613 3944 705 4008 dolor
719 3950 907 4022 extorserat,
922 3942 1052 4026 pietatis
1066 3951 1193 4026 aposto·

238 4047 310 4111 licse
333 4068 449 4111 manus
476 4047 617 4125 extersit,
642 4054 675 4111 et
701 4046 867 4110 ecclesiam
893 4046 987 4129 regni
1011 4046 1047 4109 in
1072 4054 1194 4109 statum

240 4150 407 4233 dignitatis
429 4150 573 4234 pristinae
596 4149 776 4213 sublimiter
796 4148 898 4213 erexit
918 4157 951 4213 et
971 4149 1194 4233 potentissime

240 4252 434 4315 reformavit.
481 4252 543 4315 Per
563 4273 618 4316 vos
639 4252 727 4315 enim
747 4252 885 4334 gratiam
903 4252 1108 4315 ministrante
1128 4250 1195 4314 Do·

241 4355 341 4434 mino,
357 4362 470 4419 sancta
484 4354 575 4419 sedes
589 4354 774 4423 Cantuariae
787 4363 924 4419 vacuata
938 4354 1062 4418 dudum
1084 4360 1118 4417 et
1140 4352 1197 4416 diu
