3225 5192
379 658 425 726 62
629 677 791 724 olnsssrs
809 675 927 722 sonos
940 677 1088 722 seueris

380 794 455 859 lunt
488 793 632 880 ejiciunt,
662 795 802 880 ejectum
835 801 988 859 revomnt
1016 814 1118 878 quoru
1147 794 1271 875 volunt,
1300 805 1334 862 et

380 897 536 964 obediunt
556 906 685 963 tantum
703 899 756 964 oui
769 899 892 966 volunt.
936 899 1113 983 Quumque
1127 905 1165 962 ut
1182 899 1334 982 jumenta

253 1085 263 1098 ι
380 1002 519 1085 pessime
537 1001 573 1066 in
592 1023 651 1066 suo
669 1001 796 1087 jamdiu
815 1009 955 1068 storoore
972 1001 1257 1085 eomputrsverint,
1272 1022 1333 1066 nee

380 1102 485 1170 solum
499 1103 752 1183 incontinentise,
768 1104 825 1168 sed
844 1112 878 1169 et
892 1104 997 1169 omnis
1013 1103 1225 1188 turpitudinis
1238 1104 1331 1170 foeto·

377 1225 448 1270 rem
478 1227 517 1271 ex
546 1225 580 1272 se
606 1205 663 1270 diu
688 1213 722 1272 et
747 1205 951 1271 abundanter
972 1207 1148 1285 emiserint,
1175 1205 1331 1272 nonfuit

375 1307 484 1394 justus
511 1309 566 1395 qui
590 1309 772 1395 respiceret,
796 1311 847 1374 vel
870 1311 928 1395 qui
955 1310 1041 1394 ipsos
1066 1309 1125 1375 vioe
1152 1310 1332 1375 revoeundo

378 1412 556 1477 eorundem
581 1413 704 1477 enimus
727 1413 768 1477 ud
796 1413 923 1477 lucium
947 1421 1112 1497 reportare
1137 1412 1331 1478 intenderet.

379 1513 516 1600 Virgum
544 1516 645 1600 igitur
672 1517 709 1581 in
733 1538 836 1582 menn
859 1524 966 1582 vestro
989 1516 1186 1601 prophetias,
1207 1517 1331 1600 virgum

378 1617 500 1684 scilieet
521 1620 708 1703 vigilantem
722 1620 898 1697 videamus,
912 1627 947 1686 et
968 1620 1076 1686 locum
1097 1619 1191 1684 illmn
1210 1619 1332 1704 spurei-

377 1721 500 1786 tiarum
521 1729 556 1786 et
577 1722 749 1786 criminum
771 1744 869 1807 quem
889 1745 957 1788 non
978 1722 1195 1788 incorrectum
1214 1723 1329 1801 solum,

378 1824 435 1888 sed
455 1831 488 1888 et
507 1825 692 1908 neglectum
706 1826 836 1910 penitus
850 1825 1041 1892 obsolevisse
1054 1825 1273 1908 eognovimus,
1287 1824 1330 1890 sd

376 1925 532 1992 honorem
552 1927 615 1992 Dei
632 1935 666 1994 et
680 1935 832 2008 vestr-um,
847 1929 890 1994 sd
911 1929 1059 1994 deoorem
1077 1929 1192 1994 domus
1211 1929 1275 1994 Dei
1296 1935 1330 1994 et

284 2019 287 2024 ’
376 2029 476 2094 totius
498 2029 622 2094 ordinis
642 2031 813 2096 monostiui
834 2032 1048 2098 reverentiam
1068 2053 1197 2117 purgsn
1216 2032 1258 2098 de
1277 2032 1329 2098 Ur

379 2131 609 2200 Chuldaeorum
624 2135 714 2218 eripi,
730 2142 764 2200 et
781 2135 818 2198 in
834 2133 950 2200 isdem
962 2135 1159 2219 eondignsm
1180 2135 1330 2220 religioni

374 2237 504 2302 restitui
518 2245 552 2304 et
570 2239 712 2323 repsruri
729 2239 938 2323 gaudeamus.
982 2241 1101 2306 Formis
1113 2261 1188 2304 vero
1201 2261 1328 2323 repere·

375 2339 484 2418 tionis,
508 2341 536 2405 si
561 2341 675 2426 placet,
701 2341 770 2406 baeo
795 2349 856 2407 est.
901 2343 939 2408 Si
966 2342 1002 2408 in
1026 2343 1172 2428 pmdieti
1198 2343 1328 2417 weleris

374 2451 553 2528 patratores
564 2453 598 2510 et
609 2446 771 2510 consocios
780 2447 977 2512 sententium
985 2447 1181 2530 condignum
1191 2446 1328 2526 dederis,

375 2553 409 2612 et
443 2546 532 2612 illum
566 2546 697 2614 domino
731 2547 961 2614 salesberiensi
994 2549 1270 2628 denuntiaveritis,
1300 2549 1327 2614 si

375 2649 486 2716 comiti
501 2651 689 2717 Gloeestrise
708 2673 747 2715 ex
765 2651 950 2719 obedientie
966 2653 1180 2738 injunxeritis,
1196 2661 1235 2718 ut
1248 2673 1327 2737 pris-

375 2752 500 2818 diotum
523 2755 657 2820 Scotum
676 2763 834 2835 amoveat,
849 2763 883 2822 et
905 2756 1037 2823 sivobis
1056 2758 1172 2842 plsoet,
1187 2777 1273 2822 ουτω
1292 2763 1327 2820 et

375 2857 528 2923 emtodiae
547 2867 668 2924 nostoe
689 2859 926 2938 oommittst,si
949 2861 1093 2927 Boberto
1110 2862 1152 2926 de
1168 2859 1326 2938 Arundel,

374 2967 408 3026 et
439 2963 566 3044 Rogero
595 2963 662 3026 filio
690 2963 771 3046 ejus,
800 2971 835 3027 et
864 2963 1009 3029 Roberto
1036 2965 1079 3029 de
1111 2964 1237 3043 Niuoln,
1266 2963 1327 3027 snb

373 3062 580 3130 anathemate
601 3065 828 3148 praeceperitis,
849 3087 893 3129 ne
915 3067 1007 3130 Sooti
1029 3067 1131 3150 ipsius
1153 3066 1327 3130 stultitiam

374 3165 511 3248 emplius
543 3165 682 3244 foveant,
712 3187 773 3230 neo
805 3174 909 3230 terras
939 3165 1102 3231 Cernelise
1129 3167 1327 3250 oompmdo,

373 3267 578 3332 Bernurdum
592 3273 735 3332 'vestrum
756 3267 946 3352 impediunt,
961 3269 990 3333 si
1004 3269 1205 3333 Willelmum
1222 3268 1327 3334 lilium
1459 3329 1463 3334 .

374 3369 572 3450 Comitissde
586 3370 648 3436 hoe
658 3370 728 3454 ipso
738 3373 1013 3452 uommonneritis,
1027 3373 1056 3438 si
1068 3372 1326 3438 benedietionem

269 3459 271 3464 ¹
372 3481 511 3540 vestrm
529 3475 648 3558 scripto
664 3473 793 3558 publiuo
811 3475 1012 3560 adjutoribus
1027 3477 1186 3542 Bernurdi
1199 3477 1326 3542 ebbstis

372 3575 601 3654 ooneesseritis,
616 3581 651 3640 et
667 3575 887 3642 malefectores
901 3578 973 3662 ejus
986 3579 1150 3644 sententis
1163 3577 1326 3642 maledieti

372 3677 562 3764 terrueritis.
613 3677 650 3741 Si
675 3677 779 3742 selum
803 3679 905 3744 etium
927 3680 1053 3746 domini
1079 3679 1325 3746 salesberiensis

318 3823 321 3830 -
372 3781 610 3860 smeitaveritis,
630 3785 675 3845 ut'
689 3781 840 3847 sdversus
863 3783 1087 3870 hujusoemodi
1107 3785 1324 3864 ineundssust,

373 3893 407 3950 et
441 3883 646 3969 reprimendo
683 3893 900 3966 contumaees,
931 3886 967 3952 in
1003 3888 1128 3953 domini
1164 3887 1324 3953 Bernurdi

369 3989 491 4054 anulio
505 4011 572 4056 non
586 3998 740 4078 tepescet.
786 3991 909 4058 Unetio
922 4013 997 4058 veru
1017 3999 1129 4058 sonmo
1142 3993 1255 4058 edooet
1269 4013 1324 4058 vos

373 4093 412 4159 de
427 4093 587 4162 omnibus.
