3225 5192
376 642 421 705 90
624 658 784 703 orcarum
803 658 922 703 roucr
938 656 1083 701 aunario

377 779 601 845 archidiaconi.
640 778 756 856 Quem,
772 776 814 841 ab
827 776 963 841 ineunte
976 783 1084 855 aetate,
1099 782 1170 840 totu
1182 775 1251 839 iere
1265 777 1333 841 vita

376 895 489 947 nostra
502 882 669 965 cognitum
688 882 793 965 primo
808 879 1059 944 conversationis
1075 879 1222 959 honestae
1238 879 1333 943 disci·

377 986 501 1071 pulum,
530 992 603 1069 post
632 992 712 1049 nota
739 985 818 1049 satis
847 985 1040 1049 auctoritate
1067 984 1271 1067 magistrum,
1296 984 1333 1047 iu

378 1089 523 1174 publicas
553 1088 783 1173 gratulationes
806 1094 1005 1171 susceptum,
1031 1086 1074 1151 ad
1102 1086 1257 1150 ultimum
1281 1106 1334 1150 eo·

378 1189 483 1255 clesiae
513 1189 736 1257 Atrebatemis
770 1189 1042 1268 archidiaconum,
1072 1190 1205 1253 illesam
1238 1189 1333 1253 bonae

378 1294 538 1378 opinionis
552 1294 672 1359 famam
693 1292 899 1358 continuasse
920 1293 1048 1371 scimus,
1062 1300 1097 1357 et
1118 1293 1239 1376 scripto
1252 1312 1334 1375 prae·

379 1398 465 1463 senti
486 1417 597 1463 secure
616 1397 838 1475 testificamur,
852 1395 889 1476 in
909 1396 996 1481 quod
1012 1397 1191 1461 multorum
1205 1394 1334 1479 religio-

379 1522 489 1565 sorum
502 1500 688 1565 testimonia
701 1499 895 1565 concordare
907 1520 976 1564 nou
990 1498 1196 1582 ambigimus.
1223 1497 1333 1576 Unde,
1458 1558 1461 1561 ,

380 1611 539 1686 quantum
550 1601 648 1668 audet
658 1602 745 1686 apud
758 1603 961 1688 majestatem
971 1609 1111 1667 vernam
1120 1622 1229 1666 caram
1240 1598 1335 1665 nobis

380 1714 414 1771 et
436 1726 563 1789 semper
584 1705 805 1771 honorandam
831 1706 971 1790 parvitas
994 1714 1108 1771 nostra
1127 1724 1334 1789 presumere,

379 1830 531 1893 rogamus
551 1817 591 1874 ut
612 1830 708 1893 quem
728 1810 764 1873 in
785 1809 970 1875 humilitate
991 1831 1051 1873 sue
1068 1808 1207 1893 respexit
1221 1807 1335 1872 Domi-

379 1933 453 1992 nus,
478 1933 534 1976 vos
563 1933 610 1992 ea,
640 1934 704 1996 qna
731 1912 825 1977 vobis
847 1934 961 1977 omnes
984 1911 1108 1977 anteire
1132 1911 1248 1975 datum
1273 1916 1334 1989 est,

381 2013 583 2096 benignitate
607 2014 793 2097 respiciatis,
820 2021 854 2078 et
884 2013 960 2079 data
982 2014 1072 2079 vobis
1097 2014 1292 2079 auctoritate
1317 2034 1338 2077 a

381 2118 533 2196 Domino,
556 2116 711 2181 vimutem
739 2117 868 2201 inipso
891 2118 1115 2195 remuneretis,
1142 2123 1277 2181 eatenus
1298 2121 1337 2179 ut

380 2220 479 2284 unius
499 2220 644 2302 exemplo
660 2218 697 2283 iu
718 2218 882 2302 religionis
905 2240 1048 2284 amorem
1067 2219 1256 2302 mutumque
1274 2218 1337 2281 rir-

380 2324 461 2388 tutis
478 2323 728 2407 quamplurimos
747 2322 933 2388 attendatis.
978 2320 1228 2408 Iuexpugnabili
1241 2342 1338 2386 muro

382 2448 441 2491 suo
470 2426 700 2510 circumcingat
722 2446 779 2491 vos
801 2428 974 2505 Dominus,
1000 2434 1034 2491 et
1063 2426 1160 2491 armis
1182 2447 1250 2491 suae
1278 2446 1335 2509 po·

381 2530 494 2595 tentiae
508 2536 655 2615 protegat
670 2550 805 2615 semper,
820 2530 940 2615 inipso
954 2530 1070 2596 dilecte
1084 2537 1185 2615 pater.
1207 2528 1335 2594 Valete.

399 2847 620 2915 EPISTOLA
642 2848 888 2915 LXXIV—su
910 2871 1096 2915 uonuururr
1114 2854 1350 2973 murreum-l

695 2973 807 3017 ENSEM
824 2974 1024 3017 aencorum.

385 3104 480 3168 Patri
498 3124 553 3167 cao
573 3110 603 3166 ct
623 3104 744 3167 domim
761 3104 800 3165 R.
817 3103 1052 3183 Heresordrcnai
1071 3104 1133 3165 Dei
1150 3107 1261 3185 gratio
1274 3107 1339 3186 cpi-

428 3226 529 3289 acopo,
545 3204 655 3287 frater
683 3206 720 3269 G.
740 3204 918 3267 theotric
947 3205 1049 3267 dictas
1078 3205 1183 3285 abbae,
1209 3208 1341 3271 salutem

428 3316 458 3372 et
473 3308 686 3371 obedientiam.

430 3462 699 3526 Saturarrorrnn
726 3456 852 3522 domini
873 3480 975 3543 papoe,
997 3459 1100 3523 totius
1121 3459 1220 3524 etiam
1240 3461 1340 3526 curiae

386 3562 708 3648 congratulationem,
728 3561 933 3645 quorundam
957 3562 1056 3626 etiam
1078 3584 1212 3627 suornm
1235 3564 1341 3627 solilo-

386 3668 462 3753 quia
475 3668 615 3732 libenter
628 3665 717 3731 vobis
732 3686 876 3731 seorsum
890 3666 996 3750 posita
1009 3667 1241 3750 conquestione
1255 3688 1340 3730 nun-

385 3773 549 3850 timemus,
585 3770 642 3835 aed
677 3790 737 3835 uos
774 3768 816 3833 ad
848 3790 990 3853 praesens
1025 3770 1067 3834 ud
1104 3770 1340 3854 querimoniam

369 3877 589 3960 'injur-iarum,
601 3874 765 3959 compellit
790 3874 951 3953 atrocitas,
975 3881 1015 3938 nt
1039 3880 1212 3957 postquam
1236 3873 1341 3936 multa

327 4052 333 4061 ,
386 3980 608 4058 sustinuimus,
627 4000 731 4043 seram
753 3978 869 4041 saltem
889 3977 1054 4061 querelam
1074 3977 1161 4061 apud
1179 3976 1341 4062 justitiam

385 4090 524 4149 vestram
539 4083 747 4165 deponamus.
784 4081 882 4146 Saevit
896 4081 932 4145 in
946 4102 1006 4145 noa
1021 4079 1145 4144 domini
1159 4078 1341 4145 Badoronis

387 4196 420 4253 et
435 4186 543 4251 uxoris
558 4187 627 4270 ejus
641 4186 714 4269 plus
725 4184 816 4268 justo
830 4206 940 4250 severa
953 4182 1108 4268 potentia,
1121 4189 1154 4246 et
1169 4204 1271 4266 quum
1286 4203 1341 4246 eos

387 4292 478 4357 nulla
497 4312 537 4354 cx
554 4296 646 4373 parte
665 4288 850 4368 laserimus,
866 4274 1139 4383 confractionibus
1153 4293 1187 4349 et
1201 4284 1340 4350 verberi-

690 4516 709 4553 ἱ
