3225 5192
271 719 555 801 rauel-sa]
607 737 1050 782 noroorrsrsrsnrrsroun.
1160 719 1220 781 351

421 1055 643 1120 EPISTOLA
666 1055 906 1119 CCerI.—sn
921 1075 1067 1118 rosnru.

273 1211 310 1272 G.
327 1210 388 1272 Dei
399 1210 509 1291 pratia
523 1209 745 1272 Loadoaiensia
763 1209 933 1290 episcopus,
947 1206 1224 1288 vaeabtlifram

312 1317 343 1374 et
372 1311 471 1375 amico
501 1312 661 1376 cormunis
690 1312 731 1374 A.
757 1312 863 1374 abbati
892 1312 1081 1374 Odeceatric
1109 1312 1225 1392 totique

312 1413 446 1495 eusdem
460 1415 592 1478 archaia
608 1415 753 1496 capitulo,
768 1416 909 1493 salutem,
921 1415 1070 1497 pralium,
1086 1420 1117 1477 et
1137 1414 1223 1476 derre-

315 1517 488 1581 dictionem·

313 1666 366 1729 Ex
380 1666 529 1750 injuncto
544 1667 637 1731 nobis
653 1666 756 1731 officio
771 1666 913 1731 ecelesiae
927 1664 1000 1745 Dei,
1013 1689 1109 1750 quam
1124 1665 1224 1750 ipsius

270 1769 428 1851 permissu
449 1769 557 1852 aliqua
579 1769 629 1832 sui
650 1769 797 1853 portione
819 1767 994 1852 regendam
1014 1769 1222 1853 suscepimus,

271 1871 313 1935 ad
338 1873 407 1957 ejus
430 1872 586 1937 honorem
611 1872 664 1936 eui
686 1873 880 1956 desponsata
904 1880 953 1937 est
977 1872 1087 1937 debita
1108 1871 1223 1936 sollici·

270 1974 384 2038 tudine
413 1975 578 2058 providere
606 1975 838 2058 compellimur.
884 1975 983 2039 Unde
1007 1975 1083 2059 quia
1110 1981 1224 2039 vestra
1310 1972 1314 1980 '

273 2077 522 2141 conversationis
537 2077 646 2160 opinio
660 2077 730 2160 ipsa
743 2077 852 2140 meriti
867 2079 1041 2142 sanctitate
1055 2078 1096 2142 ad
1111 2099 1223 2141 omnes

271 2179 367 2263 longe
395 2181 524 2264 lateque
554 2182 671 2246 diffusa
699 2188 758 2260 est,
785 2181 905 2245 insedit
934 2181 1075 2245 ecclesia
1104 2188 1223 2246 sanetae

272 2281 438 2346 Trinitatis
461 2283 649 2362 Londoniae,
673 2283 804 2348 domino
826 2291 864 2348 nt
887 2283 1048 2348 eredimus
1069 2283 1103 2346 id
1123 2284 1223 2366 inspi-

270 2390 373 2463 rante,
400 2393 434 2448 et
457 2385 590 2448 ecelesia
613 2387 663 2449 cui
693 2387 901 2469 presidemus
930 2386 1127 2450 assentiente
1148 2406 1224 2449 con·

271 2486 389 2564 silium,
408 2492 447 2548 ut
466 2486 607 2568 priorem
626 2487 766 2550 ecelesiae
783 2496 906 2563 vestrae,
927 2488 1118 2569 magistrum
1138 2488 1224 2551 vide·

271 2587 347 2652 licet
377 2587 571 2665 Osbernum,
598 2587 651 2650 cui
680 2588 722 2652 ad
747 2587 928 2651 doctrinam
953 2589 1096 2666 scientia,
1121 2595 1155 2652 et
1184 2589 1225 2652 ad

271 2692 475 2756 honestatem
492 2711 602 2756 mores·
617 2689 806 2769 exuberant,
822 2689 883 2754 sibi
902 2690 938 2753 in
952 2681 1090 2774 priorem
1108 2692 1224 2754 unani·

272 2795 368 2860 miter
383 2794 548 2876 eligerent,
564 2795 734 2878 ipsumque
749 2792 811 2857 sibi
825 2792 1000 2877 inpetrem
1016 2801 1048 2858 et
1062 2801 1225 2878 pastorem

273 2897 405 2961 concedi
430 2896 631 2961 concorditer
658 2917 769 2962 omnes
795 2902 995 2979 exoptarent.
1040 2896 1126 2962 Quia
1150 2918 1225 2961 vero

269 2999 413 3084 juvanda
427 3006 504 3064 sunt
519 3007 553 3064 et
567 3000 784 3084 promovenda
798 3021 924 3084 semper
933 3001 1071 3064 honesta
1081 3000 1223 3079 consilia,

273 3102 398 3168 diloctae
418 3103 513 3167 nobis
530 3103 567 3166 in
587 3104 729 3168 Domino
748 3103 979 3168 benevolentiae
997 3109 1111 3167 vestrae
1130 3103 1225 3167 affee-

271 3210 365 3270 tnose
379 3226 489 3289 preces
503 3205 705 3289 porrigimus,
722 3206 875 3290 quatinus
891 3206 959 3291 jam
979 3205 1138 3270 dictorum
1160 3206 1224 3270 fra·

272 3314 362 3371 trum
391 3307 556 3372 desideriis
585 3309 703 3373 effectu
732 3309 961 3393 respondeatis,
989 3316 1022 3373 et
1046 3309 1153 3392 ipsum
1183 3309 1224 3374 ad

272 3412 427 3474 honorem
443 3411 505 3474 Dei
523 3418 556 3476 et
575 3412 716 3476 ecclesiae
730 3419 845 3476 vestrae
864 3411 905 3475 ab
923 3411 1107 3475 obedientia
1120 3417 1226 3476 vestra

271 3513 463 3596 regulariter
485 3513 678 3592 absolutum,
701 3521 735 3578 et
761 3513 997 3578 Londoniensis
1022 3514 1163 3578 ecclesiae
1184 3514 1225 3578 de

273 3623 388 3680 caetero
403 3615 618 3694 obediturum,
634 3616 794 3700 praedictis
805 3617 959 3682 fratribus
973 3617 1143 3682 addemus
1158 3639 1224 3682 suaa

273 3741 385 3784 eoram
406 3720 642 3803 suscipiendam
665 3728 698 3784 et
720 3721 880 3804 agendam
902 3742 970 3787 non
988 3722 1225 3786 interveniente

273 3821 426 3884 dilatione
442 3842 513 3903 quoe
524 3822 701 3904 periculum
712 3823 811 3886 insert
823 3845 906 3906 saepe
918 3825 1065 3906 negotiis,
1077 3830 1225 3907 prompte

273 3930 306 3987 et
323 3923 423 3987 libere
440 3924 632 4001 concedatis,
648 3931 686 3987 ut
706 3932 809 3989 totam
830 3925 1066 3991 londoniensis
1084 3926 1224 3989 ecclesiae

272 4025 509 4109 plenitudinem
530 4026 690 4110 obsequiis
711 4027 826 4091 amodo
840 4030 954 4092 vestris
973 4028 1145 4093 obnoxiam
1166 4029 1222 4092 ha·

273 4129 385 4194 beatis.
431 4129 549 4194 Valere
562 4151 618 4194 vos
632 4129 668 4192 in
683 4128 828 4195 Domino
842 4139 992 4216 optamus
1005 4131 1169 4197 carissimi.
