3225 5192
285 660 352 705 aa.
370 640 567 725 nse-61]
619 660 916 708 araavoanrrusrs
932 664 1109 711 nsrsnonn.
1177 650 1239 713 lea

284 801 381 863 qnam
397 778 558 845 habebam
573 780 742 847 adversum
756 803 822 862 vos,
843 783 914 868 ipso
934 784 1033 850 etiam
1053 786 1239 869 postulante

282 906 351 949 non
364 883 483 962 remisi,
500 883 556 948 sed
571 883 807 969 archiepiscopo
823 906 857 948 se
870 893 984 972 postes
997 886 1239 954 intromittente

282 986 317 1050 in
332 986 455 1051 bonum
469 994 650 1070 respectum
664 989 767 1072 posui.
814 989 865 1053 De
885 989 947 1054 boc
964 990 1120 1055 mandato
1134 993 1239 1057 arehi-

282 1090 422 1173 episoopi
438 1090 500 1155 boc
513 1089 723 1175 respondebo,
739 1091 826 1175 quod
840 1091 869 1155 si
882 1091 1132 1176 appellationem
1146 1093 1188 1157 ad
1203 1116 1238 1159 se
1270 1086 1309 1167 s)

283 1192 402 1258 factam
421 1194 632 1278 cognovisset,
646 1193 730 1257 nihil
749 1195 861 1278 utique
879 1194 920 1259 de
937 1217 973 1260 re
990 1195 1055 1260 ista
1071 1197 1238 1280 praecepis-

281 1301 341 1360 set.
387 1294 460 1361 Hoc
482 1296 593 1380 itaque
615 1304 664 1361 est
687 1296 748 1381 ipsi
771 1297 902 1361 obedire
925 1298 973 1361 rei
997 1298 1098 1382 ipsius
1121 1300 1237 1364 seriem

278 1399 404 1484 ¹aliquid
425 1400 606 1480 innovetur,
629 1399 690 1484 ipsi
710 1400 747 1465 in
768 1401 920 1466 omnibns
942 1401 1065 1486 aperire
1086 1402 1238 1489 quicquid

281 1503 317 1567 in
331 1524 390 1568 nos
405 1502 559 1569 dixeritis.
604 1503 673 1568 Vos
687 1509 798 1568 tamen
813 1505 919 1569 valere
932 1511 1092 1589 optamus.

309 1781 530 1849 EPISTOLA
548 1781 826 1849 cxxxix-sn
842 1804 952 1848 nsv1n
969 1805 1207 1851 unuavsussu

657 1907 860 1952 nrrscoruu.

282 2010 320 2075 G.
336 2012 397 2075 Dei
412 2012 521 2095 pretia
538 2010 790 2093 Herefordieasie
803 2012 972 2093 φὼοορω,
987 2011 1154 2076 venerabli
1159 2012 1234 2095 sra-

322 2115 365 2177 tri
386 2120 416 2177 rt
427 2115 536 2179 -amieo
555 2114 670 2193 David,
686 2114 866 2179 Maereat
884 2117 1033 2197 episcopo,
1053 2117 1184 2181 salutem
1203 2122 1235 2181 et

323 2216 542 2302 dilectionem.¹
571 2294 575 2302 Ι

323 2336 429 2403 Qnau
444 2337 636 2422 jocundum,
652 2357 749 2421 quam
771 2336 815 2401 sit
836 2336 916 2401 utile
937 2338 1025 2421 pacis
1046 2345 1080 2403 et
1102 2358 1234 2405 eoncor-

277 2440 339 2505 diae
360 2440 483 2507 bonum
503 2442 598 2507 facile
621 2440 832 2525 dignoscitur,
855 2441 883 2505 si
905 2461 945 2505 ex
966 2443 1176 2508 contentione
1198 2450 1233 2509 et

278 2544 436 2611 disomdia
459 2553 583 2631 quanta
607 2544 727 2611 damna
752 2544 944 2630 proveniant
969 2544 1158 2629 diligentius
1183 2556 1232 2613 at·

275 2648 458 2713 tendamus.
502 2650 591 2713 Nam
614 2648 641 2713 si
662 2654 770 2713 motus
792 2648 905 2727 varios,
927 2655 960 2713 et
982 2668 1056 2734 qnae
1077 2669 1138 2713 nos
1159 2670 1232 2731 pre·

275 2758 371 2815 munt
391 2750 534 2836 undique
553 2751 638 2816 bella
656 2751 867 2832 attendimus,
886 2758 977 2835 patet
996 2752 1118 2836 liquido
1133 2774 1231 2835 qnam

275 2855 318 2921 sit
337 2856 551 2940 periculosum
570 2856 711 2921 eeclesia
729 2878 814 2921 onus
834 2877 930 2941 super
951 2878 1034 2921 onus
1057 2878 1231 2937 assumere,

275 2963 309 3023 et
328 2966 445 3042 preater
464 2966 574 3025 extera
593 2980 665 3043 quse
683 2967 847 3043 premunt,
865 2959 1021 3024 intestina
1040 2959 1103 3023 sibi
1121 2960 1233 3043 prelia

275 3080 485 3127 commovere.
530 3061 614 3126 Inde
628 3068 687 3141 est,
703 3062 790 3146 quod
809 3063 838 3127 si
857 3063 963 3147 placet
979 3063 1070 3128 vobis
1090 3063 1231 3129 consiliis

276 3164 394 3230 nostris
419 3164 634 3251 adquiescere,
660 3166 796 3231 sollicite
818 3166 969 3232 daremus
991 3186 1121 3250 operam
1143 3166 1232 3232 inter

275 3288 330 3331 voe
339 3274 373 3331 et
387 3266 555 3334 dominum
566 3268 833 3347 Landeviensem,
844 3268 931 3353 pacis
942 3268 1078 3333 modum
1088 3268 1231 3353 aliquem

274 3370 428 3437 invenire.
473 3371 571 3438 Quod
594 3372 670 3457 quia
690 3373 784 3439 facile
807 3394 876 3437 non
901 3380 951 3438 est
974 3372 1039 3437 nisi
1061 3372 1097 3437 in
1121 3372 1231 3438 locum

275 3476 373 3541 simul
391 3485 457 3542 tres
476 3478 730 3557 conveniremus,
745 3498 916 3562 precamur
932 3478 1041 3543 locum
1060 3476 1154 3542 nobis
1174 3478 1229 3543 de·

275 3580 406 3664 signari,
421 3602 485 3665 quo
500 3582 766 3647 convenientibus
780 3581 875 3647 nobis
890 3581 991 3665 possit
1005 3580 1092 3645 inter
1110 3601 1170 3645 nos
1188 3580 1229 3645 de

274 3688 381 3745 vestra
401 3702 479 3765 pace
499 3682 643 3747 tractari.
688 3682 786 3748 Quod
807 3682 836 3746 si
857 3681 899 3745 ad
920 3680 982 3746 hoc
1003 3677 1228 3745 Herefordiam

274 3783 465 3869 delegeritis,
477 3785 528 3850 die
540 3808 742 3871 quacumque
757 3785 799 3849 ad
814 3785 876 3849 boc
890 3782 1040 3850 statuetis
1054 3783 1227 3863 aderimus,

274 3910 335 3953 neo
354 3888 440 3973 apud
459 3888 627 3952 dominum
646 3887 902 3952 Laudaviensem
923 3885 1097 3951 cessabunt
1118 3907 1229 3970 preces

273 3998 401 4071 nostrae,
418 4012 583 4075 quousque
603 3998 636 4055 et
655 3991 762 4075 ipsum
782 3990 893 4055 adesse
910 3990 1075 4054 faciamus.
1120 3990 1228 4055 Nove·

272 4094 317 4159 rit
331 4100 441 4159 autem
452 4094 581 4159 dilectio
592 4100 696 4158 vestra
711 4112 770 4158 nos
785 4092 821 4158 in
836 4092 976 4158 eundem
991 4092 1079 4156 hunc
1094 4091 1228 4156 modum

274 4196 404 4261 domino
419 4195 635 4262 landaviensi
650 4196 824 4281 scripsisse,
841 4203 874 4259 et
888 4197 1044 4279 placitum
1059 4194 1227 4277 utriusque

271 4308 414 4367 vestm
429 4309 462 4367 et
476 4302 668 4385 rescriptum
683 4307 877 4386 exspectare.
907 4300 1033 4363 Valete.
