3225 5192
284 691 351 735 nu.
369 648 566 755 llus—bu]
617 690 914 737 enarreturrssrs
929 692 1105 739 arrsroun.
1171 675 1235 758 169

287 1120 507 1185 EPISTOLA
530 1122 755 1187 cxxx-in
772 1144 955 1189 mesanum
972 1144 1237 1191 uosuouruusru

663 1248 864 1292 rumcoven.

293 1384 467 1449 ueneratus
487 1384 610 1447 omem
625 1382 787 1466 fratrique
802 1385 963 1447 careum
978 1384 1017 1447 a.
1033 1384 1240 1447 munuae
1302 1338 1330 1360 '¹

330 1490 391 1551 Dei
398 1489 506 1570 pratia
521 1487 671 1568 apocope,
678 1484 789 1567 frater
803 1487 840 1549 G.
850 1486 1098 1567 Hergsordieusis
1108 1488 1240 1550 ecclesio

330 1591 479 1668 minister,
494 1591 670 1653 salutemet
686 1590 887 1652 dilectionem.

334 1742 509 1805 Senvrvuu
525 1740 623 1818 nosti,
635 1740 807 1818 carissime,
815 1738 906 1823 justo
917 1738 1069 1823 quioquid
1078 1740 1240 1820 acciderit,

289 1844 323 1907 id
345 1844 451 1928 ipsum
473 1844 609 1907 minime
633 1842 834 1927 perturbare.
878 1843 967 1907 Illud
991 1844 1080 1907 enim
1105 1843 1240 1931 apostoli

290 1947 393 2012 cordis
413 1948 513 2011 oculis
533 1947 692 2025 intuetur,
712 1950 723 1981 ‘
733 1946 828 2011 bonis
847 1946 883 2009 in
905 1946 1028 2011 bonum
1050 1953 1169 2016 cuneta
1189 1966 1242 2011 co·

290 2050 435 2133 operari.’
481 2048 579 2113 Unde
599 2070 750 2132 prospera
765 2048 791 2111 si
807 2049 940 2113 affluant
957 2049 1122 2132 prophetae
1136 2049 1241 2113 eonci-

290 2154 339 2217 nit
355 2152 473 2231 dicens,
491 2151 658 2215 ‘Cantabo
679 2151 821 2216 Domino
836 2151 892 2234 qui
910 2150 997 2215 bona
1009 2151 1125 2215 tribuit
1138 2150 1240 2215 mihi?

291 2256 435 2319 Adversa
463 2255 491 2319 si
520 2254 660 2333 obvient,
688 2253 768 2317 illud
795 2254 900 2318 cordis
925 2254 1018 2319 labiis
1046 2254 1242 2333 modulatur,

291 2358 510 2422 ‘obumbrasti
531 2368 628 2441 caput
647 2379 756 2425 meum
775 2356 878 2421 indie
898 2356 994 2421 belli!
1041 2358 1131 2435 Haec,
1147 2359 1242 2421 earis-

291 2462 381 2539 sime,
406 2462 484 2525 dum
512 2482 641 2525 mecum
665 2468 790 2543 reputo,
816 2460 853 2523 in
880 2468 915 2523 te
939 2460 1060 2523 nullius
1084 2460 1243 2543 impetum

291 2564 429 2627 fortuuae
443 2564 658 2646 perhorresco.
698 2563 780 2627 Quae
794 2562 870 2626 laeta
883 2563 912 2625 si
925 2563 1059 2640 venerit,
1074 2570 1243 2627 mansuete

291 2666 472 2749 suscipitur,
488 2665 621 2731 adversa
635 2666 662 2729 si
676 2672 818 2748 proruat,
835 2665 923 2729 baud
936 2666 1081 2729 timetvrr.
1119 2665 1242 2749 Hujus-

290 2768 378 2833 modi
400 2770 480 2833 mibi
503 2769 542 2833 de
563 2777 597 2834 te
618 2768 710 2833 facile
732 2768 927 2853 persuadent
945 2768 1064 2831 mentis
1082 2774 1149 2832 tuve
1167 2789 1243 2831 con-

292 2871 411 2935 stantia
422 2878 455 2934 et
465 2871 590 2934 darum
605 2878 737 2934 tuarum
747 2869 875 2954 jamdiu
888 2878 969 2933 uota
981 2870 1145 2953 perfectio.
1161 2870 1244 2935 Quae

293 2974 317 3038 si
345 2996 442 3057 quam
463 2974 556 3037 firme
578 2994 742 3058 speramus
764 2972 905 3037 radicem
926 2994 1017 3037 suam
1038 2973 1107 3037 solo
1125 2972 1244 3036 mentis

292 3085 359 3141 tuae
372 3078 530 3156 inserunt,
541 3084 576 3141 te
591 3076 721 3160 quidem
736 3096 804 3140 non
819 3076 855 3139 in
869 3076 941 3141 luto
954 3098 1111 3159 aquarum
1126 3076 1244 3140 multa-

292 3202 367 3244 rum
394 3186 492 3244 vento
522 3180 678 3263 agitatam
708 3178 912 3257 arundiuem,
938 3180 995 3243 sed
1023 3180 1058 3245 iu
1087 3179 1244 3243 virtutum

293 3283 420 3348 Libano
438 3283 567 3347 cedrum
591 3284 683 3347 firme
706 3282 893 3363 radicatam,
908 3282 1130 3366 temptationis
1148 3282 1245 3346 flatus

293 3386 445 3451 inveniet.
489 3385 561 3449 Nec
583 3385 712 3469 quidem
735 3386 799 3449 ista
822 3386 949 3469 profero
969 3386 1059 3469 quasi
1077 3386 1245 3449 adversum

295 3488 414 3572 aliquid
439 3488 475 3551 in
497 3494 532 3551 tc
555 3488 637 3551 mihi
660 3495 727 3552 tuae
752 3495 848 3553 tenor
869 3487 1013 3572 epistolae
1038 3487 1244 3554 nuntiaverit

189 3640 194 3652 .
294 3591 440 3657 Nuueiut
470 3591 600 3675 quidem
630 3592 799 3656 adversum
827 3598 861 3656 te
892 3591 1088 3675 appellatum
1119 3597 1151 3655 et
1176 3591 1246 3675 jam

295 3694 388 3759 factae
417 3693 600 3759 donationis
625 3702 691 3759 tute
720 3680 971 3759 celebrationem
1000 3695 1177 3759 solemnem
1205 3693 1247 3758 ad

295 3797 463 3861 dominum
481 3818 598 3885 papam
612 3797 805 3881 interposita
819 3798 1034 3881 appellatione
1048 3819 1245 3882 suspensam.

296 3901 337 3966 In
351 3900 414 3965 hoo
424 3920 499 3965 vero
514 3899 591 3984 quid
602 3899 789 3979 advertitur,
802 3900 866 3964 nisi
877 3900 964 3984 quod
978 3900 1079 3963 animi
1092 3899 1142 3964 tui
1156 3907 1248 3983 tepor

297 4010 352 4067 aut
367 4010 477 4086 torpor
492 4003 659 4082 excitatur,
676 4010 731 4067 aut
747 4002 934 4067 excutitur?
971 4001 1060 4066 Nam
1075 4002 1130 4085 qui
1144 4001 1247 4065 bomi-

295 4127 372 4170 nem
392 4106 487 4189 juxta
509 4126 564 4170 eor
586 4112 682 4169 tuum
703 4105 883 4184 inveneras,
898 4112 932 4169 te
950 4106 987 4169 iu
1008 4105 1122 4168 melius
1145 4103 1250 4185 gratia

296 4217 511 4293 promovente,
541 4208 647 4292 ipsum
678 4208 808 4291 quidem
838 4207 995 4272 debueras
1023 4228 1090 4269 non
1118 4211 1248 4269 tantum

296 4312 410 4377 melius
426 4311 507 4389 dieo,
524 4310 579 4375 sed
602 4316 635 4375 et
657 4311 692 4375 iu
714 4318 748 4375 te
768 4311 907 4375 alterum
925 4308 1128 4398 promovisse.
1174 4308 1248 4369 Jum
