3225 5192
358 671 401 735 78
605 662 766 729 crassari
783 682 903 727 remor
918 681 1064 726 insama
1142 724 1147 733 ,
1172 644 1193 667 ’

357 804 513 890 increpes,
528 810 562 871 et
580 803 735 881 defendis,
755 809 789 869 et
809 823 889 887 quos
907 801 1054 868 fomento
1072 822 1142 867 non
1159 802 1313 887 praevales

358 908 552 993 praeeisionis
580 909 665 973 ferro
690 927 802 973 curare
831 926 900 971 non
927 905 1136 989 pertimescis.
1193 908 1313 972 Pectus

359 1032 436 1077 sane
450 1010 705 1075 commendabile
720 1009 806 1093 quod
820 1008 997 1073 mansuetis
1013 1008 1143 1073 exhibet
1163 1010 1312 1092 gratim

359 1120 393 1180 et
415 1114 659 1179 contumacibus
682 1112 894 1195 disciplinam.
939 1111 1024 1175 Cum
1047 1134 1169 1176 manua
1189 1112 1313 1195 virgam

359 1216 396 1280 in
410 1216 592 1281 sanctuario
607 1215 716 1279 divina
728 1214 857 1297 reponit
872 1213 1057 1292 auctoritas,
1073 1213 1119 1278 sie
1138 1213 1313 1297 plenitudi-

360 1340 437 1383 nem
460 1318 597 1403 pastoris
619 1316 780 1395 erudiens,
802 1322 898 1381 utet
921 1314 961 1380 de
985 1322 1115 1400 pectore
1137 1316 1316 1401 gratiarum

361 1421 454 1487 bonis
477 1421 627 1486 exhibeat
649 1427 757 1486 totum
777 1419 865 1505 quod
888 1418 982 1483 dulce
1005 1426 1065 1499 est,
1088 1427 1122 1484 et
1145 1428 1313 1485 contuma-

361 1525 445 1590 ciam
458 1524 612 1608 reprimat
627 1523 804 1607 disciplina.
850 1522 1004 1587 Gratulor
1018 1523 1166 1606 equidem
1186 1530 1221 1588 te
1242 1546 1313 1609 pas-

362 1628 498 1693 toralem
512 1626 658 1711 regulam
672 1624 897 1718 perspicaciter
911 1626 1098 1705 attendisse,
1113 1633 1147 1690 et
1161 1626 1249 1711 quod
1262 1648 1315 1691 cx·

363 1731 545 1814 equeudum
559 1750 702 1809 noveras,
714 1736 753 1793 ut
768 1728 903 1793 decebat
919 1727 1114 1813 episcopum,
1124 1751 1193 1794 non
1206 1731 1315 1793 minus

361 1832 489 1898 fortiter
511 1832 807 1917 quamprudenter
829 1831 1045 1915 adimplesse.'
1076 1834 1162 1897 Sene
1187 1832 1340 1917 inipso·
1453 1852 1456 1855 ’
1510 1918 1515 1925 ,

363 1934 490 2001 virtutis
504 1956 610 2020 opere,
625 1940 697 2000 tota
714 1934 796 1999 mihi
814 1934 917 1999 virtus
936 1935 1098 2000 elucescit.
1142 1937 1203 2001 Est
1223 1958 1315 2001 uam-

365 2058 428 2122 que
447 2035 629 2122 prudentia,
643 2058 739 2101 nosse
754 2036 833 2121 quid
847 2036 969 2117 deceat,
981 2038 1110 2122 justitia
1127 2038 1244 2122 cuique
1262 2060 1317 2103 ex·

364 2140 475 2205 bibere
489 2139 575 2224 quod
589 2146 745 2225 oporteat,
756 2140 914 2205 fortitudo
930 2141 1096 2205 hominem
1109 2162 1179 2205 non
1191 2139 1317 2222 timere,

366 2244 442 2327 quia
463 2262 538 2308 eam
561 2250 620 2323 est,
643 2256 678 2309 et
702 2244 739 2309 in
761 2244 882 2309 virtute
909 2244 1041 2329 spiritus
1065 2251 1173 2310 totum
1199 2244 1318 2309 audere

366 2346 453 2430 quod
477 2354 627 2413 sanctum
653 2354 711 2412 est.
765 2348 1000 2431 Temperantia
1028 2354 1088 2427 est,
1113 2368 1182 2412 non
1205 2368 1246 2411 ex
1269 2346 1319 2411 ira

365 2449 532 2534 quippiam
550 2450 600 2515 vel
619 2470 658 2515 ex
677 2457 848 2516 commotae
865 2450 1041 2515 voluntatis
1058 2450 1201 2535 impulsu
1218 2451 1319 2515 fuisse

366 2557 506 2635 gestum,
521 2552 579 2618 sed
593 2554 661 2619 solo
675 2554 804 2619 virmtis
818 2574 928 2619 amore
947 2553 989 2618 ad
1007 2552 1127 2618 summi
1140 2552 1226 2637 regis
1239 2552 1319 2616 ulei·

367 2654 506 2720 mendas·
530 2656 666 2742 injurias
693 2658 771 2740 igue
800 2658 933 2743 spiritus
961 2657 1176 2723 incanduisse.
1231 2657 1320 2740 riges

367 2776 446 2843 ergo
459 2778 535 2825 eum
548 2760 676 2826 fiducia.
706 2761 833 2826 Valete.

388 3062 610 3128 EPIS'I'OLA
632 3059 816 3126 LXIe-sn
831 3082 1018 3126 ncrncnnu
1035 3082 1306 3127 nsnnavmnsru

746 3184 947 3229 sriscornu.

371 3316 466 3381 Patri
486 3338 542 3381 aco
564 3323 594 3381 et
616 3318 737 3381 domirw
757 3318 793 3381 U.
808 3319 1018 3382 Londcoienri
1039 3316 1106 3381 Dei
1124 3318 1233 3400 pretio
1258 3320 1322 3400 epi-

413 3416 631 3503 seopo,srater
648 3420 686 3482 G.
705 3420 883 3485 Glocestrioe
898 3422 998 3483 dirtm
1012 3420 1116 3497 abbas,
1131 3422 1272 3484 salutem.

414 3568 641 3635 Inrosrunus
665 3571 798 3637 effectus
820 3593 903 3664 sum,
926 3570 983 3636 sed
1004 3593 1059 3636 vos
1080 3594 1133 3637 mc
1154 3572 1322 3657 coegistis3

371 3673 470 3759 petivi
484 3674 541 3737 sed
554 3694 623 3739 non
637 3674 762 3759 aceepi3
785 3674 919 3759 pulsavi,
934 3673 992 3738 sed
1005 3675 1153 3739 noudum
1170 3676 1324 3758 apeniisti

372 3776 471 3855 mibi3
494 3796 586 3861 spero
607 3784 718 3843 temen
740 3778 827 3862 quod
847 3777 992 3862 pulsanti
1015 3778 1120 3842 amieo
1141 3784 1235 3861 pater
1255 3799 1325 3842 non

372 3880 506 3945 tandem
521 3882 639 3946 affectu
653 3882 809 3966 aperiens,
823 3902 884 3947 nec
897 3902 1015 3965 panem
1029 3882 1153 3965 petenti
1175 3880 1323 3966 lapidem,

372 3982 424 4047 vel
442 3982 562 4067 piscem
582 3992 640 4049 aut
660 4006 756 4050 orum
775 3986 963 4071 postulanti,
982 3991 1167 4075 serpentem·
1183 3984 1323 4067 pon-ige-

373 4086 417 4151 tis
436 4094 494 4151 aut
516 4088 726 4171 scorpionem.
771 4088 889 4153 Pacem
904 4109 924 4151 a
937 4088 1004 4151 filio
1023 4086 1110 4170 pacis
1130 4092 1163 4149 et
1182 4092 1273 4169 patre
1292 4094 1326 4149 et

375 4190 516 4269 domino,
527 4197 561 4255 et
575 4192 688 4255 multis
702 4212 812 4257 rerum
824 4191 1053 4275 experimentis
1067 4190 1171 4254 amico
1185 4188 1326 4272 postula·

303 4311 309 4320 ·
375 4315 459 4360 mus.
505 4295 597 4360 Laeta
618 4294 698 4361 mihi
722 4296 789 4361 dies
812 4316 881 4361 non
902 4295 974 4373 erit,
994 4316 1059 4378 qua
1078 4298 1192 4357 contm
1213 4314 1269 4357 vos
1291 4292 1327 4355 in
