3225 5192
429 695 491 756 352
741 711 899 755 oruararr
917 709 1068 758 rrrscorr

465 1040 687 1106 EPISTOLA
709 1041 874 1106 CCLVII
875 1061 965 1104 -nu
982 1059 1189 1104 srrrnsuorr
1205 1059 1350 1102 cuunra-

742 1164 876 1208 CBNSEH
892 1163 1066 1208 anasum.

435 1295 608 1358 Venerabili
619 1295 740 1360 domim
748 1296 898 1377 patrique
912 1295 1072 1358 emanso
1084 1295 1240 1374 Stephano
1255 1291 1382 1355 Claria-

473 1419 555 1462 cenaa
548 1399 634 1462 Dei
640 1401 747 1480 pratia
762 1398 868 1461 ablati
868 1397 994 1478 sraler
1005 1398 1043 1460 G
1055 1396 1278 1460 zondomir
1287 1395 1382 1456 eccle

402 1564 413 1581 ,
471 1503 525 1565 sia
539 1503 688 1580 minuter,
703 1502 816 1564 eduis
826 1501 986 1582 guadiam,
995 1506 1025 1562 et
1039 1503 1070 1562 si
1081 1519 1170 1581 quem
1177 1503 1282 1579 potest
1297 1495 1385 1577 apud

471 1625 504 1668 se
519 1607 637 1668 caritas
651 1605 785 1690 officim
792 1604 993 1687 famulatum.

472 1755 662 1833 Exumnvr,
678 1755 850 1834 carissime,
864 1755 976 1819 totus
967 1775 1003 1818 nr
1017 1753 1160 1818 Domino
1174 1758 1207 1815 et
1222 1749 1382 1835 spirituali

424 1858 627 1942 jocunditate
649 1859 796 1942 perfusum
815 1879 899 1936 sum,
918 1857 1054 1921 audieus
1077 1864 1215 1919 matrem
1237 1860 1381 1917 nostram

314 1958 344 2036 ,⁹
429 1958 674 2026 cluniacensem
696 1960 862 2026 ecclesiam
883 1960 1016 2024 taudem
1038 1959 1210 2043 respirasse
1227 1957 1263 2020 in
1281 1963 1326 2033 te,
1346 1962 1382 2018 et

428 2061 463 2124 iu
478 2069 601 2144 patrem
618 2071 651 2127 ct
667 2062 835 2128 dominum
854 2071 888 2126 te
908 2063 970 2126 sibi
985 2083 1082 2146 quam
1096 2060 1227 2145 provide
1248 2067 1327 2136 tam,
1342 2065 1382 2120 ut

428 2185 529 2246 spero,
548 2165 719 2228 salubriter
736 2172 770 2230 et
791 2165 927 2230 feliciter
945 2165 1088 2248 elegisse
1132 2163 1178 2226 ‘l'e
1201 2161 1289 2225 euim
1311 2181 1381 2224 cus·

427 2263 503 2328 toda
527 2266 696 2331 commisso
720 2266 780 2330 tibi
810 2267 912 2349 gregi,
938 2266 1058 2350 pabula
1081 2264 1156 2329 visae
1182 2263 1293 2328 deesse
1313 2284 1382 2326 non

428 2375 591 2451 poterunt,
619 2368 674 2452 qui
698 2377 811 2452 pectus
833 2376 931 2434 tuum
955 2369 1106 2446 Domino,
1131 2375 1170 2431 ut
1195 2366 1241 2430 sic
1265 2366 1381 2444 dicam,

428 2471 658 2554 scripturarum
667 2479 853 2536 auctarum
862 2471 1050 2556 apothecam
1058 2479 1092 2536 ct
1102 2469 1308 2535 aromaticam
1319 2469 1381 2531 vir-

428 2581 539 2638 tutum
562 2575 711 2640 cellulam
730 2597 750 2639 a
768 2597 869 2659 puero
885 2575 953 2640 lere
971 2573 1173 2640 consecrasti.
1211 2573 1290 2637 Nou
1311 2573 1379 2656 eju-

428 2675 508 2741 labit
522 2677 664 2742 damnus
679 2685 766 2742 terra
779 2687 838 2744 tua
851 2687 924 2762 post
937 2685 971 2742 te
971 2699 1066 2761 ,quea
1079 2677 1236 2742 doctrinae
1250 2675 1381 2740 fluentis

429 2781 598 2844 affluenter
611 2781 810 2865 irrigabitur,
825 2789 859 2845 et
878 2789 917 2844 ut
931 2781 1089 2844 virtutum
1108 2781 1195 2863 frugi
1213 2779 1309 2863 plene
1330 2800 1381 2842 re·

429 2883 619 2965 spondeat,
610 2905 645 2947 m
664 2891 697 2948 te
716 2883 916 2968 propositum
931 2884 1090 2947 virtutum
1109 2882 1286 2965 exemplis
1276 2901 1380 2945 moes-

429 2991 537 3048 santer
552 2985 594 3049 ad
615 3007 745 3070 eaquae
766 2995 879 3050 sauma
897 2994 931 3050 et
952 3007 1080 3050 summa
1093 2993 1181 3064 sunt,
1196 2983 1380 3067 provocabi-

428 3095 492 3151 tur.
530 3089 669 3154 Bestum
684 3089 864 3172 collegium,
876 3090 968 3173 cujus
981 3089 1016 3152 id
1030 3089 1188 3152 virtutum
1203 3087 1382 3153 debebatur

415 3190 551 3254 meritis
577 3199 615 3254 ut
640 3212 660 3254 a
688 3191 898 3258 tribulatione
926 3193 1085 3256 malorum
1108 3199 1143 3256 et
1165 3190 1274 3255 dolore
1296 3191 1382 3253 tanti

307 3297 317 3313 '
427 3293 529 3376 patris
551 3294 723 3378 respiraret
745 3295 869 3373 solatio,
887 3301 921 3359 et
943 3295 1116 3378 procellam
1139 3315 1237 3377 quam
1255 3293 1382 3378 jamdiu

429 3396 637 3475 sustinuerat,
652 3397 688 3460 in
707 3417 819 3462 auram
837 3397 899 3461 sibi
913 3403 1053 3461 verteret
1072 3396 1151 3460 boni
1169 3396 1269 3480 patris
1288 3395 1381 3458 fami·

428 3497 487 3560 lias
517 3499 749 3582 circumspecta
777 3499 970 3564 sollicitudo.
1030 3500 1156 3578 Fateor,
1186 3499 1221 3561 iu
1251 3497 1381 3561 Christo

429 3599 600 3677 carissime,
627 3601 739 3679 fateor,
764 3601 878 3665 datum
906 3602 988 3666 mihi
1017 3603 1145 3666 coelitus
1172 3607 1381 3683 conspectum

429 3707 532 3778 tuum,
546 3709 579 3764 et
590 3701 766 3784 alloquium
782 3704 862 3767 mihi
876 3726 943 3769 nou
959 3705 1118 3768 mediocre
1132 3703 1381 3766 incitamentum

429 3802 588 3866 exstitisse
602 3803 740 3883 virtutis,
755 3811 795 3868 ut
810 3827 850 3868 ex
864 3807 926 3870 hoc
939 3806 1052 3870 beatos
1066 3805 1234 3882 aestimem,
1250 3803 1306 3888 qui
1320 3804 1380 3868 tibi

429 3927 554 3992 semper
576 3906 741 3985 assistunt,
763 3909 820 3991 qui
841 3917 875 3972 te
898 3909 1095 3973 comitantur
1113 3909 1251 3986 assidue,
1266 3907 1382 3991 quibus

428 4010 490 4074 hoo
512 4009 639 4075 virtutis
663 4012 830 4094 speculum
853 4035 917 4095 quo
941 4033 1066 4094 semper
1088 4012 1125 4075 in
1150 4011 1285 4076 meliora
1307 4031 1381 4093 pro·

429 4115 549 4194 ficiunt,
561 4114 679 4179 habere
688 4136 876 4180 concessum
888 4123 946 4180 cst.
968 4115 1178 4180 Annuntiaut
1190 4115 1230 4178 de
1240 4115 1381 4192 homine,

429 4224 466 4279 ut
493 4218 650 4300 scriptura
673 4225 911 4294 commemorat,
934 4216 1043 4280 vultus
1066 4216 1146 4299 ejus,
1168 4215 1323 4292 incessus,
1349 4222 1384 4278 et

429 4318 568 4396 habitus,
591 4341 664 4404 quae
686 4319 736 4382 tui
759 4317 966 4382 attendentes
988 4316 1025 4378 in
1047 4324 1081 4380 te
1104 4315 1269 4379 invirum
1289 4315 1382 4378 facile
