3225 5192
267 680 335 723 ao.
355 660 550 743 nol-sa]
601 678 843 724 nonnonrnnsrs
858 680 1037 725 nrrsronae.
1158 666 1219 727 231

266 799 358 863 diens
377 818 452 862 vero
470 818 529 862 suo
547 804 623 861 vota
642 795 763 860 differri
783 803 817 860 et
838 797 932 863 electi
954 797 1005 862 sui
1025 800 1218 865 consecrati-

265 920 358 963 onem
379 899 416 963 iu
434 900 570 982 longum
584 898 738 982 protrahi,
753 896 866 963 nubilo
881 899 950 983 jam
969 921 1058 965 nunc
1076 902 1220 967 maeroris

265 1002 437 1067 obducitur
451 1011 485 1067 et
500 1004 576 1086 quia
591 1024 662 1085 spes
677 1022 749 1085 quse
764 1001 921 1081 differtur,
937 1003 1050 1087 affligit
1068 1005 1220 1085 animam,

265 1107 384 1171 amicos
404 1128 479 1171 suos
498 1106 713 1189 undequaque
732 1105 884 1170 sollicitat
902 1114 938 1171 et
957 1108 1087 1188 vicinos,
1103 1117 1141 1173 ut
1161 1130 1221 1173 sua

264 1211 354 1275 vobis
377 1218 452 1275 vota
477 1211 651 1293 proferant,
675 1210 842 1275 sanctitati
866 1216 983 1274 vestrae
1007 1234 1118 1295 proces
1141 1234 1219 1277 cum

265 1312 466 1396 supplicante
494 1312 671 1397 porrigant,
696 1319 735 1376 ut
760 1314 840 1396 ejus,
867 1313 895 1377 si
919 1315 1035 1397 placet,
1058 1316 1219 1381 ,anxietati

265 1417 519 1482 condescendere
536 1416 651 1495 velitis,
667 1422 701 1481 ct
721 1418 873 1501 compati,
889 1424 923 1481 et
945 1419 981 1483 in
1002 1421 1135 1503 negotio
1157 1421 1219 1485 hoc

264 1520 305 1585 ob
330 1516 542 1605 multiplicem
568 1520 709 1585 ecclesiae
735 1522 971 1599 necessitatem,
996 1522 1023 1586 si
1048 1546 1112 1607 qua
1132 1524 1219 1589 valet

264 1624 392 1690 admitti
410 1625 618 1709 dispensatio,
639 1646 735 1689 snum
755 1625 938 1689 concedatis
956 1626 1106 1708 electum,
1126 1629 1218 1713 cujus

263 1736 297 1792 et
317 1728 470 1793 honestas
493 1735 526 1793 et
547 1727 800 1793 conversationis
820 1727 991 1813 integritas
1013 1730 1112 1813 digne
1132 1747 1217 1795 com-

263 1831 455 1897 mendabilis
480 1838 544 1911 est,
573 1831 695 1915 absque
725 1830 880 1896 dilutione
909 1834 1097 1897 consecrari.
1157 1836 1218 1899 Est

263 1934 387 2018 liguum
403 1936 476 1999 vitae
492 1934 685 1999 desiderium
701 1934 843 1998 veniens
889 1935 988 1999 Unde
1006 1936 1032 2000 si
1052 1958 1162 2021 preces
1181 1938 1217 2001 in

264 2059 359 2102 causa
378 2040 439 2103 bac
459 2038 651 2103 sublimitati
670 2044 783 2102 vestrae
803 2036 1065 2121 supplicantium,
1081 2040 1218 2105 admise-

263 2140 343 2220 ritis,
359 2142 580 2205 Wintoniensi
603 2140 743 2205 eeclesiae
767 2162 835 2204 non
859 2141 894 2203 in
917 2142 1044 2207 modico
1067 2144 1216 2209 subveni·

263 2246 333 2324 etis,
353 2255 387 2310 et
407 2268 521 2310 omnes
543 2267 603 2309 nos
624 2247 659 2308 in
681 2266 811 2309 omnem
834 2267 931 2327 quam
952 2268 1123 2330 possumus
1144 2271 1216 2331 gra-

262 2348 354 2426 tiam,
369 2348 468 2427 vobis,
484 2357 586 2432 pater,
603 2348 760 2432 obligatos
775 2348 946 2412 habebitis.
969 2349 1146 2415 Conservct
1160 2370 1216 2414 vos

263 2452 297 2515 in
311 2452 410 2536 longa
423 2460 570 2536 tempora
585 2450 753 2529 Dominus,
770 2452 805 2515 in
814 2450 946 2516 Christo
962 2452 1077 2518 dilecte
1092 2461 1192 2536 pater.

277 2762 497 2829 EPISTULA
519 2764 761 2829 cmlx-n>
779 2784 922 2828 nunonis
940 2784 1004 2828 rao
1022 2784 1193 2831 nuntron-

570 2954 575 2963 ⁸
603 2888 720 2933 ornnss
737 2888 872 2933 unacco.

264 3019 393 3087 Donabo
402 3044 495 3105 popo
510 3020 650 3085 dominus
663 3020 897 3100 Londoniensis,
907 3041 969 3103 pro
981 3019 1214 3103 Heresordienss‘

683 3125 787 3188 electo.

305 3274 640 3356 Hsasrosninnsnu,
667 3280 769 3359 pater,
794 3275 960 3339 ecclesiam
991 3283 1119 3359 gratum
1146 3277 1211 3341 Do·

261 3384 348 3447 mino
370 3380 556 3467 praestitisse
579 3400 743 3464 speramus
762 3377 962 3463 obsequium,
977 3402 1050 3463 quae
1070 3380 1211 3463 eligendi

260 3486 360 3569 patris
385 3485 447 3549 sibi
475 3483 626 3549 libertate
655 3490 878 3563 concessant
903 3484 1083 3548 communis
1112 3484 1212 3549 habet

260 3570 377 3672 opinio,
407 3588 448 3653 ad
478 3588 527 3651 sui
556 3586 701 3670 regimen
730 3594 890 3670 pastorem
920 3588 1019 3670 elegit
1047 3587 1210 3666 idoneum,

260 3692 372 3770 virum,
388 3698 427 3754 ut
445 3708 617 3755 commuue
631 3688 748 3772 probat
763 3688 943 3768 arbitrium,
959 3690 1030 3753 Bco
1052 3698 1085 3753 ct
1107 3690 1210 3754 homi·

259 3794 355 3858 uibus
370 3798 547 3876 acceptum.
593 3791 733 3857 Quantis
751 3792 839 3855 euim
854 3792 1013 3857 virtutum
1026 3792 1210 3877 insignibus

261 3896 517 3961 Hereiordiensis
536 3895 657 3959 electus
677 3893 839 3975 effulgeat,
861 3894 949 3959 sama
966 3896 1119 3979 loquitur,
1138 3918 1211 3979 pro-

258 4000 314 4064 bat
329 4000 447 4083 opinio,
463 4020 531 4063 uua
548 3998 584 4062 iu
603 4018 658 4062 ore
677 3996 823 4061 omnium
843 4005 983 4063 testatur
997 3999 1139 4076 assertio,
1156 4000 1210 4082 qui

259 4103 439 4167 Robcrtum
456 4101 675 4165 oxoniensem
695 4099 956 4165 archidiaconum
975 4122 1088 4165 omnes
1106 4101 1212 4164 aetatis

258 4228 323 4271 auae
345 4206 466 4289 gradus
489 4206 568 4269 adeo
590 4205 780 4269 innocenter
803 4213 837 4269 et
861 4206 996 4270 honeste
1019 4202 1212 4288 percurrisse

255 4310 464 4388 denuntiant,
480 4316 517 4373 ut
540 4310 569 4373 ei
592 4310 641 4373 vel
663 4308 697 4371 iu
721 4307 847 4373 modico
868 4330 1034 4392 nunquam
1055 4308 1143 4370 fama
1157 4306 1212 4370 de*
