3225 5192
402 666 465 728 128
711 682 872 728 crassam
889 682 1039 731 serscurr

398 820 467 863 sam
496 800 582 863 inter
613 798 788 882 Hugonem
818 806 851 865 et
876 799 1061 865 Walterum
1090 800 1185 866 nobis
1212 821 1352 869 reserva·

397 900 484 966 bitis.

418 1105 639 1171 EPISTOLA
661 1105 830 1169 CIL-an
847 1124 1038 1170 rusurrensi
1055 1125 1098 1169 ur
1115 1126 1323 1172 susurrata.

394 1278 504 1361 Amico
526 1299 582 1341 ereo
605 1284 636 1341 et
652 1277 846 1359 parochiano
870 1275 1015 1358 Philippo
1042 1278 1080 1341 de
1105 1277 1277 1359 Scmeseld,
1295 1300 1348 1344 su.

822 1380 924 1443 luten.
1021 1438 1030 1451 ,

437 1518 554 1583 Auum
575 1518 611 1581 iu
633 1517 722 1599 curia
743 1516 867 1579 domini
888 1515 1014 1599 abbatis
1039 1516 1263 1599 Radingensis,
1285 1518 1348 1582 tibi

394 1622 498 1705 legem
521 1619 736 1704 adjudicatam
758 1638 836 1693 csse,
860 1624 897 1680 ut
917 1638 1019 1681 manu
1039 1617 1229 1683 duodecima
1245 1619 1345 1702 jures,

392 1730 426 1788 te
441 1722 666 1805 nunquamvel
679 1720 925 1804 praedecessores
939 1727 1013 1784 tuos
1028 1719 1069 1784 de
1078 1726 1165 1785 terra
1176 1721 1216 1786 de
1229 1722 1347 1786 Sarna·

392 1825 467 1903 feld,
484 1824 623 1889 ecclesiae
645 1816 689 1887 de¹
705 1823 835 1887 Lumin'
858 1823 1001 1906 quinque
1020 1822 1147 1901 solidos,
1169 1844 1249 1906 quos
1270 1846 1291 1888 a
1311 1831 1345 1888 te

228 1997 235 2011 ‚
368 1960 372 1969 ·
392 1928 516 2010 quierit,
531 1925 715 1991 reddidisse.
755 1922 856 1988 Certa
869 1932 980 1989 autem
993 1925 1216 1990 recordatione
1225 1933 1344 1991 sanctae

392 2028 531 2093 ecclesioe
548 2048 740 2110 recognosco
757 2046 888 2091 causam
907 2027 991 2091 hanc
1009 2028 1046 2091 in
1063 2028 1234 2111 praesentia
1249 2028 1344 2093 bonae

391 2131 553 2195 memoriae
568 2130 690 2193 domini
705 2128 839 2194 Roberti
854 2129 1003 2213 episcopi,
1014 2137 1048 2193 et
1063 2130 1219 2213 agitatam
1232 2130 1342 2209 fuisse,

391 2240 424 2298 et
441 2232 540 2316 ipsius
562 2233 694 2297 consilio
712 2231 889 2296 definitam.
934 2232 1032 2295 Unde
1050 2232 1126 2316 quia
1138 2233 1175 2296 in
1188 2233 1260 2314 lege
1281 2233 1343 2297 hac

390 2335 544 2413 facienda,
570 2334 717 2418 quoedsm
745 2342 812 2398 tuse
840 2339 874 2398 et
899 2341 1032 2398 tuorum
1060 2334 1158 2399 saluti
1182 2336 1344 2399 contraria

389 2438 480 2501 mihi.
498 2438 607 2503 videor
635 2436 825 2519 intelligere,
855 2436 1047 2500 mandamns
1079 2436 1150 2515 tibi,
1180 2442 1214 2501 et
1246 2459 1343 2521 snper

392 2538 673 2604 christianitatem
701 2546 793 2602 tuam
822 2538 1034 2622 praecipimus,
1058 2559 1101 2602 ne
1120 2540 1342 2622 juramentum

389 2642 460 2721 hoc,
476 2649 533 2707 aut
553 2642 622 2725 ipse
640 2641 746 2720 facias,
767 2640 979 2723 autaliquem
997 2647 1129 2704 tuorum
1143 2641 1248 2705 facere
1268 2662 1340 2725 per·

388 2746 509 2825 mittas,
525 2766 691 2829 quousque
710 2745 879 2811 nobiscum
892 2746 1047 2828 loquutus
1065 2746 1174 2826 fueris,
1189 2752 1224 2809 et
1244 2766 1341 2829 super

387 2848 449 2913 hac
478 2849 548 2932 ipsa
572 2868 607 2912 re
636 2848 806 2912 consilium
834 2848 960 2932 plenius
982 2847 1141 2912 habueris.
1188 2848 1340 2932 Supplico

389 2952 477 3015 enim
491 2951 622 3014 domino
637 2950 746 3014 abbati
766 2970 824 3032 per
837 2949 947 3013 literas
966 2970 1064 3027 meas,
1079 2971 1122 3014 ne
1140 2962 1270 3034 propter
1286 2970 1340 3014 ex·
1465 3035 1470 3041 Β

387 3053 602 3135 pectatiouem
624 3051 717 3129 hanc,
742 3070 848 3114 causae
868 3058 935 3114 tuse
954 3051 1085 3133 aliquod
1108 3052 1340 3117 detrimentum

387 3154 541 3216 incurras.
585 3152 711 3214 Valetc.

491 3453 712 3519 urrsroun
735 3451 926 3518 cur-n>
941 3475 972 3518 ο.
989 3421 1279 3521 ηοιιιωοοπι

765 3576 1047 3621 wluonmmssuu.

328 3708 331 3715 ¹
387 3720 542 3785 Gilbertm
555 3724 616 3786 Del
627 3724 735 3805 praeta
749 3724 908 3804 episcopus
921 3722 1179 3804 Herefordiena's,
1194 3743 1267 3787 curo
1281 3745 1337 3788 suc

445 3825 594 3907 maps'stro
612 3826 650 3891 G.
666 3825 885 3888 archidiacono
904 3826 1119 3907 Weqmtessi,
1133 3825 1273 3889 sulutem.

428 3974 549 4053 Scms,
566 3967 737 4054 carissime,
752 3976 851 4054 scitis,
870 3976 956 4059 quod
976 3978 1100 4061 pacifici
1120 3979 1155 4040 in
1177 3998 1336 4060 praeroga·

381 4077 481 4142 tivam
495 4077 633 4141 liliorum
644 4078 707 4141 Dei
721 4078 866 4162 adoptati
880 4085 967 4143 sunt.
1004 4079 1102 4145 Unde
1116 4081 1335 4163 proximorum

382 4180 452 4266 paci
474 4200 512 4245 eo
534 4179 719 4262 diligentius
742 4180 977 4245 attendendum
995 4189 1055 4260 est,
1076 4202 1139 4265 qno
1157 4184 1263 4267 majus
1284 4191 1335 4247 est

382 4282 467 4365 quod
490 4304 529 4346 ex
550 4283 612 4347 hoc
633 4302 730 4366 opera
747 4284 922 4347 aDomino
944 4296 1108 4367 speramus
1130 4291 1164 4349 et
1185 4293 1335 4368 expecta·
