3225 5192
427 680 492 743 2³4
740 696 898 741 senneser
913 696 1057 741 sriscorr

426 834 536 892 veens,
560 833 655 877 suum
681 812 750 896 jum
779 812 816 875 in
845 833 880 876 se
908 812 1109 894 recognoscit
1133 810 1324 890 antistitem,
1347 818 1380 875 et

427 916 603 981 Wintoniae
618 916 722 981 clerus
737 936 811 979 cum
826 914 946 999 populo
960 915 1054 979 electi
1072 914 1123 978 sui
1140 914 1202 979 sibi
1216 933 1380 978 consecre-

427 1020 517 1085 tione
532 1040 693 1097 concessu,
708 1018 775 1083 voti
790 1018 842 1081 sui
855 1018 1040 1101 plenissime
1054 1038 1185 1100 compos
1199 1016 1382 1099 gratuletur

427 1129 460 1187 et
484 1122 608 1187 exultet
634 1122 669 1186 iu
695 1120 847 1199 Domino,
877 1120 1020 1185 ecclesie
1042 1141 1119 1185 vero
1141 1119 1378 1197 Bethoniensis,

428 1225 695 1305 Herefordiensis,
726 1225 944 1305 cicestrensis,
974 1225 1125 1303 Elisusis,
1155 1224 1221 1289 suis
1256 1223 1293 1287 in
1328 1224 1379 1287 his

427 1352 506 1415 quos
521 1331 686 1413 elegerent
701 1329 786 1394 dono
800 1336 907 1393 vestm
921 1330 1034 1412 gratiss
1047 1330 1118 1413 jum
1130 1328 1243 1411 potitur
1256 1326 1378 1391 deside-

426 1434 493 1513 riis,
516 1432 552 1497 iu
578 1432 756 1517 gratiarum
777 1424 939 1497 actionem
963 1431 1049 1497 diem
1074 1431 1240 1497 eelebrent
1263 1431 1378 1495 sollen-

427 1538 539 1603 nitetis
562 1538 735 1621 insignem.
781 1536 867 1616 Sole,
887 1536 1028 1615 domine,
1050 1542 1196 1620 superest
1215 1534 1379 1600 meolni-

426 1642 512 1707 eusis
538 1640 680 1719 ecclesis,
704 1662 776 1725 quae
805 1661 881 1705 cum
910 1641 946 1705 in
974 1639 1115 1705 eeclesiis
1140 1638 1211 1704 eliis
1235 1638 1379 1721 undique

425 1744 537 1811 leudes
573 1751 736 1824 resonent,
768 1743 984 1828 undequaque
1019 1744 1190 1827 pulsentur
1224 1749 1380 1826 tympano

427 1849 547 1933 glorioe,
563 1848 722 1933 gemitum
736 1870 795 1933 pro
808 1854 909 1913 contu
921 1847 1032 1931 hebet,
1046 1855 1081 1911 et
1095 1846 1244 1931 spiritum
1263 1866 1377 1937 moero·

425 1952 469 2017 ris
493 1952 636 2031 trahens,
662 1958 733 2017 totu
757 1951 908 2015 lumentis
933 1950 1080 2015 efficitur.
1126 1948 1319 2014 Audiuntur
1342 1947 1376 2011 in

427 2056 522 2121 domo
536 2055 637 2139 petris
659 2054 803 2137 undique
825 2054 1019 2137 symphonia
1039 2059 1074 2121 et
1094 2052 1223 2130 chorus,
1237 2051 1295 2117 sed
1308 2051 1376 2117 hee

424 2158 502 2223 ioris
517 2164 616 2236 stuns,
632 2176 699 2221 non
714 2156 907 2239 ingreditur,
921 2164 956 2221 et
975 2156 1136 2241 repulsam
1155 2176 1251 2239 posse
1269 2156 1377 2233 semel,

426 2260 467 2327 sd
482 2266 605 2343 petrem
620 2259 748 2342 ingredi
761 2260 969 2344 pertimescit.
1000 2259 1153 2325 Ceritutis
1166 2266 1279 2323 tumen
1289 2259 1378 2323 effluss

426 2362 547 2427 entium
563 2362 867 2447 consideransque
885 2361 926 2427 de
945 2362 1036 2427 fonte
1055 2362 1194 2446 pectoris
1212 2362 1377 2446 apostolici

424 2466 646 2531 indesinenter
668 2488 833 2545 emensus,
857 2466 1021 2531 civitatem
1043 2466 1106 2531 Dei
1128 2466 1377 2552 circumquaque

424 2570 566 2635 laetificet
586 2578 619 2635 et
639 2570 860 2653 evangelicum
878 2570 960 2634 illud
980 2570 1023 2633 ud
1044 2577 1188 2634 mentem
1207 2592 1373 2635 revocans:

426 2672 542 2739 Omnis
564 2674 620 2757 qui
641 2674 732 2757 petit,
756 2674 882 2757 accipit,
904 2682 938 2739 et
959 2674 1014 2758 qui
1036 2674 1160 2758 quierit,
1184 2676 1319 2755 invenit,
1343 2683 1376 2739 et

426 2777 567 2861 pulsanti
583 2776 754 2860 aperietur,
771 2798 860 2861 spem
875 2777 1025 2861 concipit,
1037 2785 1076 2841 ut
1089 2780 1237 2843 moeroris
1251 2779 1302 2842 sui
1316 2800 1376 2842 nu·

424 2878 527 2945 bilum
546 2880 727 2946 serenitatis
744 2888 858 2945 vestrm
877 2880 998 2946 candor
1017 2888 1159 2962 evacuet,
1175 2888 1209 2947 et
1228 2882 1263 2946 in
1283 2882 1376 2948 electi

426 2984 475 3049 sui
502 2986 703 3068 susceptione
728 2986 849 3069 pariter
878 2993 912 3049 et
941 2984 1142 3069 promotione
1167 3008 1276 3070 preces
1302 2986 1375 3053 filie

425 3088 627 3153 devotissime
650 3088 860 3173 supplicantis
885 3088 957 3173 pius
982 3096 1075 3173 pater
1099 3084 1260 3155 exsudint.
1307 3090 1375 3155 Scit

422 3200 533 3257 tumen
555 3193 641 3276 apud
662 3214 722 3259 nos
744 3215 843 3277 supra
862 3194 993 3259 dorsum
1012 3196 1083 3279 ejus
1102 3195 1257 3278 quosdsm
1277 3195 1373 3261 febri-

424 3316 512 3361 cssse
534 3296 681 3379 plurime,
698 3304 731 3363 et
753 3296 819 3362 odii
841 3297 1043 3363 sermonibus
1064 3298 1135 3383 ejus
1154 3300 1373 3365 innocentium

423 3398 680 3479 circumdedisse,
696 3407 730 3464 et
750 3400 787 3465 in
807 3400 870 3467 hoc
891 3409 1027 3465 eotenus
1047 3402 1259 3485 prsevuluisse,
1274 3410 1312 3467 ut
1333 3402 1375 3467 eb

423 3523 462 3567 eo
483 3502 663 3567 elementiae
683 3510 797 3567 vestrm
818 3503 916 3567 facies
937 3511 975 3567 ut
997 3502 1116 3567 dicitur
1137 3504 1375 3587 aliquantulum

423 3622 534 3666 eversa
548 3600 599 3679 sit,
615 3609 649 3666 et
663 3623 683 3665 u
696 3601 843 3685 pluribus
856 3602 892 3665 in
907 3622 983 3666 enm
1003 3602 1134 3667 sinistre
1146 3601 1216 3686 jum
1236 3604 1279 3667 sit
1298 3624 1372 3667 eon-

422 3710 516 3789 oepts
543 3704 661 3787 opinio.
708 3704 773 3768 Sed
798 3704 827 3769 si
854 3706 960 3789 placet
985 3705 1159 3783 advertere,
1185 3725 1281 3789 super
1304 3706 1376 3789 ejus

423 3806 664 3873 conversatione
685 3812 719 3873 et
740 3808 805 3873 vite
826 3808 878 3873 his
899 3808 1102 3893 potissimum
1124 3808 1204 3873 tides
1225 3808 1375 3874 habende

422 3916 482 3988 est,
498 3910 614 3993 quibus
630 3910 774 3994 oprimis
789 3911 885 3975 annis
898 3912 1052 3992 innotuit,
1067 3913 1128 3978 sub
1143 3933 1282 3997 quorum
1298 3933 1373 3976 ocu·

422 4012 471 4093 lis,
482 4020 521 4078 ut
535 4014 712 4079 certissime
726 4020 900 4095 testentur,
915 4015 1107 4081 innocenter
1120 4016 1270 4094 excrevit,
1285 4024 1319 4081 et
1332 4015 1374 4079 nd

422 4138 546 4181 aunum
559 4116 768 4196 tricesimum,
784 4125 822 4181 ut
842 4124 1001 4197 ussemnt,
1016 4118 1085 4203 jum
1105 4116 1289 4201 perductus,
1309 4116 1372 4200 pri-

421 4242 509 4285 mum
531 4220 634 4286 etatis
657 4242 723 4285 suae
743 4220 884 4303 vigilium
907 4220 967 4285 sub
990 4222 1166 4286 multorum
1189 4220 1374 4285 testimonio

421 4332 455 4387 et
480 4324 615 4389 honeste
641 4332 674 4389 et
699 4323 890 4389 iunocenter
919 4323 1099 4408 complevit,
1125 4324 1166 4387 de
1191 4345 1256 4407 quo
1284 4344 1374 4407 spem
