3225 5192
388 659 412 720 4
633 669 795 716 omnum
813 667 932 711 ronror
948 664 1095 709 saasrrs

387 793 499 876 ignem
522 788 688 874 probatur,
713 792 784 870 post
809 783 937 849 crebras
963 782 1099 848 Domini
1124 781 1353 847 concussiones

391 893 585 971 enitescetis,
608 898 641 956 et
662 888 863 956 fortitudinis
885 895 919 952 et
941 887 1143 965 constantim,
1166 893 1199 950 et
1226 885 1355 969 laboris,

391 1006 425 1063 et
446 995 628 1062 tolerantie
648 992 782 1078 praemia
795 990 836 1054 ab
851 989 921 1074 ipso
936 989 990 1054 cui
1004 989 1159 1054 obedistis
1173 987 1354 1073 reportabi-

391 1102 445 1166 tis.
491 1099 579 1166 Quia
592 1119 671 1162 vero
687 1115 840 1160 conversa
853 1101 903 1158 est
917 1093 1088 1158 haemditas
1102 1100 1209 1157 vestra
1223 1092 1266 1157 ad
1280 1092 1356 1156 alie·

392 1225 463 1284 nos,
479 1209 513 1268 et
528 1201 659 1267 mentiti
681 1206 759 1264 sunt
780 1197 871 1262 robis
892 1196 953 1260 filii
974 1197 1073 1260 alieni
1093 1195 1266 1260 inveterati
1287 1194 1354 1260 die-

393 1330 467 1373 rum
488 1307 658 1385 malorum,
673 1301 892 1368 claudicantes
914 1319 1040 1383 semper
1061 1319 1081 1362 a
1102 1299 1227 1363 semitis
1248 1297 1353 1377 bouis,

394 1411 551 1476 abeuntes
576 1415 663 1473 retro
692 1410 765 1490 post
796 1403 985 1481 Sathanam,
1009 1401 1165 1484 eligentes
1188 1400 1293 1485 magis
1315 1401 1352 1464 in

394 1511 489 1576 nobis
509 1510 675 1575 Christum
697 1505 854 1590 persequi,
875 1525 972 1589 quam
996 1504 1087 1588 sequi
1108 1525 1166 1588 per
1186 1525 1252 1580 ros,
1271 1503 1352 1567 utile

394 1634 463 1678 uon
487 1609 626 1676 arbitror
649 1607 786 1672 ulterius
817 1606 884 1670 solo
910 1606 1013 1670 sterili
1037 1606 1193 1671 mandare
1218 1606 1351 1685 semina,

394 1714 499 1798 porcis
522 1731 672 1795 spargere
686 1709 887 1791 margaritas,
902 1709 1053 1774 foetorem
1074 1711 1196 1774 sentire
1217 1711 1259 1774 de
1279 1732 1352 1794 pro·

394 1817 481 1879 ximo
495 1814 706 1897 proditorum.
745 1811 865 1875 Exiens
879 1811 990 1895 itaque
1005 1811 1045 1876 de
1060 1813 1215 1898 AEgypto,
1229 1813 1266 1876 in
1279 1833 1352 1896 pro-

394 1918 481 1982 xime
492 1917 603 1981 futuro
615 1914 750 1978 concilio
762 1914 999 1980 absolutionem
1009 1937 1029 1978 a
1039 1915 1172 1980 domino
1183 1937 1267 2001 papa
1279 1937 1351 1999 pos·

394 2019 551 2098 tutabitis,
567 2024 601 2082 et
623 2016 722 2081 dante
744 2017 897 2096 Domino,
918 2017 1140 2101 impetrabitis,
1159 2018 1352 2083 incontami-

396 2128 476 2186 nata
492 2120 568 2198 rita,
588 2120 675 2183 fama
695 2121 732 2182 in
754 2118 905 2184 omnibus
926 2126 1139 2204 permanente
1160 2121 1269 2202 illaesa,
1288 2121 1352 2204 spi·

394 2223 462 2286 ritu
483 2242 504 2284 a
524 2221 666 2285 Domino
688 2220 891 2285 serviendum
913 2222 1142 2304 promtissimo,
1164 2224 1222 2307 qui
1243 2223 1354 2288 eduxit

395 2323 488 2408 quasi
507 2323 620 2387 lumen
638 2323 799 2407 justitiam
818 2331 967 2402 vestram,
984 2330 1018 2387 et
1035 2324 1196 2407 judicium
1209 2333 1352 2390 vestrum

395 2426 534 2492 deducet
549 2433 705 2509 tanquam
719 2424 897 2504 meridiem,
909 2427 962 2490 cui
975 2433 1070 2491 notas
1084 2427 1190 2491 fecisti
1204 2428 1270 2492 vias
1284 2449 1353 2492 res-

395 2533 473 2605 tras,
496 2533 529 2589 et
551 2525 701 2608 sperastis
726 2524 762 2587 in
788 2544 827 2588 eo
853 2531 886 2588 et
910 2525 980 2609 ipse
1003 2526 1110 2590 faciet.
1155 2527 1231 2611 Ipse
1253 2526 1354 2591 dante

396 2628 548 2706 Domino,
565 2626 671 2705 adero,
688 2631 721 2689 et
736 2625 905 2709 coadjutor
919 2625 1063 2690 existam.
1108 2627 1223 2691 Unum
1241 2634 1354 2692 tamen

396 2731 539 2811 obsecro,
554 2737 593 2794 ut
608 2749 670 2794 nec
685 2729 790 2809 corde,
805 2749 867 2793 nec
882 2749 1014 2813 corpore
1029 2729 1199 2795 discedatis
1214 2751 1235 2794 a
1247 2729 1352 2811 nobis,

396 2835 456 2900 sed
475 2835 519 2898 sit
540 2833 634 2898 nobis
656 2855 724 2897 una
744 2833 906 2898 bonorum
927 2835 1122 2915 communio,
1138 2835 1255 2900 caritas
1275 2856 1353 2915 una,

395 2935 562 3000 individua
583 2937 658 3000 vitre
681 2935 826 3014 societas,
847 2942 887 2999 ut
909 2935 968 3000 ubi
991 2939 1066 3001 ritae
1088 2937 1182 3001 bonae
1204 2937 1354 3002 tirocinia

394 3037 607 3118 transegistis,
622 3037 828 3119 perfectionis
842 3043 1035 3100 ornamenta
1048 3039 1222 3119 reponatis,
1238 3041 1353 3122 etjam

394 3157 488 3221 paene
516 3156 646 3200 omnem
669 3143 820 3218 expertus
844 3136 1010 3201 fortunam
1034 3137 1196 3203 mundum
1221 3148 1255 3204 et
1280 3163 1353 3226 quae

395 3261 454 3304 sua
473 3244 552 3303 sunt
566 3236 791 3316 contemnatis,
806 3245 842 3302 et
860 3237 968 3322 ipsum
987 3239 1028 3304 de
1048 3240 1178 3305 sublimi
1194 3243 1264 3327 jam
1283 3243 1353 3328 ipso

394 3342 490 3406 altior
518 3339 688 3404 irrideatis.
733 3339 859 3405 Velete.
904 3342 956 3406 De
980 3343 1098 3408 itinere
1122 3346 1251 3426 certior,
1277 3367 1351 3412 vere

394 3452 506 3512 tamen
519 3443 635 3523 iturus,
650 3442 739 3508 vobis
754 3445 892 3511 certiora
904 3446 1076 3512 mandabo.
