3225 5192
268 694 336 740 uo.
356 677 551 763 uti-sa]
599 697 1027 743 nosnournnsssarrsronm
1155 685 1215 745 221

408 1030 629 1094 EPISTOLA
652 1030 903 1095 ‹luxui-u>
923 1050 1078 1094 eunoun.

268 1180 362 1243 Patri
387 1200 441 1243 auo
466 1188 497 1244 et
522 1181 654 1259 domino,
678 1202 794 1245 summo
814 1181 959 1263 pontifici
981 1182 1023 1244 Α.
1044 1181 1153 1263 frater
1179 1182 1216 1244 G.

310 1284 532 1347 mdorrieuais
553 1285 686 1347 ecclesie
708 1286 858 1364 minuter,
882 1286 1014 1349 adstes
1039 1292 1070 1349 et
1094 1288 1219 1349 humilis

311 1386 486 1450 obedieutiae
501 1388 697 1451 devotiomm.

310 1536 364 1599 Ao
379 1558 443 1615 vos,
463 1544 563 1620 pater,
584 1538 696 1603 referri
716 1536 866 1602 convenit
886 1558 957 1621 quae
976 1538 1017 1603 ad
1039 1539 1216 1603 sublimita-

266 1646 334 1702 tem
357 1648 496 1704 vestram
521 1662 619 1723 penes
646 1662 704 1705 nos
731 1641 902 1725 appellatio
927 1641 1014 1705 facta
1039 1642 1216 1725 suspendit.

268 1742 437 1806 Monaehis
460 1743 569 1827 itaque
595 1744 697 1808 sancti
721 1744 849 1808 Ulmari
873 1743 1102 1810 decimationes
1124 1767 1217 1829 quas·

267 1844 341 1909 dam
362 1868 382 1909 a
400 1846 503 1911 milite
518 1848 656 1932 quodam
677 1848 870 1931 parochiano
889 1855 1009 1927 nostro,
1025 1851 1080 1932 qui
1101 1848 1216 1914 Balde-

266 1950 349 2014 uino
374 1950 573 2017 Norwicensi
599 1952 823 2016 archidiacono
843 1952 998 2016 affinitate
1024 1954 1217 2036 conjunctus

266 2062 325 2131 est,
355 2054 390 2117 in
418 2055 590 2137 praesentia
619 2062 729 2119 nostra
754 2055 985 2139 repetentibus,
1012 2056 1097 2119 idem
1123 2056 1216 2120 miles

262 2156 468 2239 jamdictum
490 2158 750 2221 archidiaconum
771 2158 946 2222 earundem
965 2158 1215 2223 decimationum

265 2258 397 2323 tandem
419 2259 560 2325 laudavit
583 2267 756 2325 auctorem.
802 2260 932 2326 Abbate
947 2282 1021 2325 vero
1036 2264 1140 2326 sancti
1156 2263 1214 2325 Ul-

266 2362 346 2426 mari
369 2370 402 2427 et
423 2363 491 2447 ipso
513 2363 746 2442 archidiacono,
770 2371 893 2427 statuto
916 2364 967 2427 die
988 2365 1024 2427 in
1045 2366 1216 2447 praesentia

265 2474 375 2531 nostra
389 2488 486 2550 anper
500 2467 620 2531 eisdem
636 2466 902 2531 decimationibus
920 2467 1088 2531 adversum
1108 2489 1142 2531 se
1161 2490 1214 2531 ex·
1329 2488 1333 2494 ’

265 2568 473 2651 perientibus,
498 2569 740 2634 archidiaconus
763 2570 832 2653 ipse
856 2570 897 2633 ad
920 2578 1044 2653 patrem
1068 2577 1214 2634 nostrum

265 2670 432 2735 dominum
448 2672 713 2737 Cantuariensem
736 2672 915 2757 appellavit,
932 2672 1049 2755 quibus
1064 2672 1100 2734 in
1114 2672 1214 2756 ipsius

265 2774 435 2857 praesentia
456 2776 650 2854 constitutis,
674 2775 772 2840 abbas
795 2797 815 2838 a
836 2775 966 2839 domino
988 2774 1214 2839 cantuariensi

265 2877 306 2940 ad
332 2876 529 2941 audientiam
556 2887 693 2942 vestram
722 2899 791 2942 rem
821 2876 1010 2961 appellando
1035 2877 1213 2961 suspendit.

266 2980 499 3063 Prosequentes
527 2981 771 3066 appellationem
800 2980 948 3045 monachi
971 3002 991 3044 a
1016 2979 1214 3045 sublimitate

264 3092 370 3147 uestra
390 3084 498 3147 literas
521 3084 561 3148 ad
584 3084 750 3149 domiuum
767 3084 999 3148 Cicestrensem
1022 3083 1213 3162 retulerunt,

264 3192 302 3248 ut
326 3207 422 3269 super
445 3207 542 3249 causa
566 3194 781 3270 cognosceret,
800 3187 972 3269 literasque
993 3186 1214 3268 cognoscendo

264 3286 436 3351 dirimeret.
482 3288 630 3353 Evocatis
650 3289 691 3352 ad
710 3288 815 3371 ipsum
835 3288 991 3371 partibus,
1006 3297 1044 3351 ut
1059 3288 1212 3371 exipsius

240 3388 248 3395 “
264 3389 365 3453 literis
380 3390 569 3474 accepimus,
585 3412 635 3453 res
655 3391 743 3455 hunc
763 3392 861 3453 finem
881 3390 996 3454 sortita
1014 3398 1073 3453 est.
1119 3390 1213 3455 Deci·

265 3493 422 3557 nationes
434 3493 608 3577 jamdictae
619 3494 784 3559 monachis
796 3493 987 3577 adjudicatae
997 3501 1084 3572 sunt,
1097 3500 1130 3557 et
1145 3515 1213 3557 eas-

265 3596 338 3660 dem
362 3598 549 3680 saepedictus
574 3597 664 3661 miles
691 3597 859 3680 abjuravit.
904 3597 1044 3660 Directae
1069 3606 1146 3660 sunt
1172 3597 1213 3661 ad

264 3720 322 3763 nos
347 3700 450 3764 literae
476 3699 598 3764 domini
622 3700 830 3765 Cicestrensis
854 3700 1063 3763 testificantes
1086 3700 1158 3777 hoc,
1181 3708 1214 3765 et

265 3802 455 3866 auctoritate
473 3812 577 3865 vestra
596 3802 814 3887 injungentes,
835 3809 872 3865 ut
892 3802 960 3884 jam
981 3800 1083 3865 dictos
1102 3822 1213 3865 mona-

264 3906 350 3984 chos,
374 3906 409 3968 in
436 3906 631 3989 corporalem
657 3904 833 3969 earundem
862 3902 1112 3968 decimationum
1142 3924 1214 3987 pos-

264 4010 437 4073 sessionem
457 4009 692 4073 induceremus.
740 4008 793 4072 Sic
814 4006 961 4071 monachi
982 4006 1212 4091 possessionem

265 4111 350 4175 nacti
371 4120 457 4176 sunt.
503 4114 643 4176 Emenso
670 4133 765 4191 anno,
792 4132 868 4176 oum
889 4112 957 4194 jam
982 4130 1100 4173 messes
1125 4109 1213 4172 colli-

264 4221 426 4297 gerentur,
453 4215 625 4280 servientes
655 4236 728 4279 suos
754 4214 870 4279 direxit
899 4212 1150 4289 archidiaconus,
1175 4216 1213 4273 ut

260 4319 327 4400 jani
359 4318 460 4382 dictas
492 4318 718 4382 decimationes
752 4319 958 4401 susciperent,
992 4322 1025 4378 et
1055 4314 1124 4397 ejus
1155 4334 1212 4377 no·
