3225 5192
287 733 570 821 s.1›.1148-61.]
616 754 896 799 nnnnroannsasrs
910 755 1085 800 semrom.
1179 736 1239 798 163

327 1090 549 1155 EPISTOLA
572 1090 817 1157 omn-sn
830 1093 1037 1178 s[narascn
1054 1093 1196 1177 rursm]

286 1247 380 1310 Patri
404 1267 459 1310 sco
485 1253 515 1311 et
541 1248 814 1325 dominamus
833 1248 977 1330 praefici
1002 1249 1044 1313 Α.
1062 1247 1171 1330 frater
1199 1250 1236 1312 G.
1266 1244 1276 1262 ⁶

330 1348 578 1430 Hercsordieasis
595 1350 728 1413 ecclesiae
745 1352 894 1429 arinates,
910 1353 1083 1432 apostolice
1101 1352 1239 1417 molimi-
1294 1406 1298 1414 .
1404 1399 1409 1413 .

330 1454 390 1516 tati
405 1453 540 1515 debitum
552 1454 755 1516 reverentiam
769 1460 799 1516 et
815 1455 985 1517 caritatem.

331 1604 430 1670 Onon
455 1603 650 1668 beatitudini
668 1611 782 1669 restrae
804 1626 900 1688 super
919 1626 1016 1670 cansa
1036 1606 1184 1689 pauperis
1206 1614 1239 1671 et

286 1706 414 1772 honesti
435 1707 551 1787 clerici,
574 1707 782 1792 praesentium
808 1707 929 1771 scilicet
953 1708 1074 1788 latoris,
1099 1710 1240 1773 Simonis

287 1810 554 1874 Lichesfeldensis
587 1810 744 1889 canonici,
775 1808 952 1889 scribimus,
985 1810 1064 1890 haec,
1098 1811 1237 1891 domine,

283 1920 452 1993 causaest,
469 1913 555 1996 quod
569 1898 770 1978 illatam'sibi
784 1914 937 2004 injuriam
952 1915 989 1978 in
1004 1914 1134 1979 creditae
1147 1914 1238 1980 vobis

288 2016 534 2101 dispensationis
552 2018 681 2081 culmen
698 2016 936 2082 redundantem
952 2018 1066 2103 utique
1079 2039 1155 2082 cum
1168 2040 1238 2083 mo·

285 2119 379 2183 lestis
411 2120 616 2210 sustinemus.
678 2118 745 2184 Qui
778 2140 880 2203 quum
912 2118 1064 2183 adversus
1097 2120 1237 2203 priorem

286 2222 535 2286 Coventrensem
558 2228 591 2285 et
612 2221 728 2285 fratres
750 2222 820 2305 ejus
841 2242 916 2285 eum
940 2243 960 2285 a
981 2229 1073 2305 parte
1099 2222 1238 2305 quadam

286 2324 466 2407 praebendae
480 2346 556 2403 suae,
572 2324 714 2403 ecclesia,
731 2324 851 2391 scilicet
870 2324 911 2388 de
933 2324 1116 2404 Hunitune,
1132 2324 1240 2409 expel»
1278 2326 1283 2333 ’

286 2427 352 2491 lere
380 2428 533 2507 nitentes,
563 2426 605 2491 ad
639 2427 838 2491 audientiam
866 2434 1005 2492 vestram
1036 2427 1236 2511 appellasset,

286 2537 398 2613 postea
422 2551 496 2595 cum
521 2530 671 2595 dominus
694 2530 873 2595 Cestrensis
895 2537 929 2595 et
951 2552 1012 2614 ego
1034 2530 1076 2595 ob
1098 2530 1238 2595 eeclesiae

287 2633 597 2718 negotiaWigorniae
608 2634 878 2713 convenissemus,
888 2633 1134 2717 appellationem
1146 2654 1238 2697 snam

285 2736 497 2819 praesentibus
526 2737 619 2802 nobis
647 2738 822 2815 innovavit,
852 2743 886 2801 et
917 2738 953 2800 in
986 2737 1037 2799 sui
1064 2756 1238 2820 rerumque

285 2862 415 2903 suarum
433 2840 666 2924 protectionem
684 2848 716 2905 et
736 2838 961 2926 patrocinium,
976 2840 1116 2923 priorem
1130 2838 1238 2923 ipsum

284 2951 476 3027 praesentem
504 2944 545 3007 ad
575 2943 806 3009 sublimitatem
835 2948 975 3009 vestram
1004 2941 1046 3007 ad
1075 2947 1097 2977 “
1111 2943 1238 3007 Iroetare

286 3046 492 3111 Jerusalem”
511 3047 692 3131 appellavit.
736 3047 799 3112 Cui
818 3067 894 3112 cum
912 3045 954 3111 ob
973 3053 1087 3110 vestrae
1109 3045 1238 3109 celsitu-

284 3148 368 3213 dinis
390 3150 600 3214 eminentiam
619 3148 654 3211 in
671 3154 744 3213 tuto
762 3149 833 3233 jam
852 3147 963 3211 omnia
981 3167 1051 3211 esse
1065 3153 1239 3229 oporteret,

283 3274 399 3317 manus
427 3260 540 3317 tamen
569 3252 724 3335 sacrilega
752 3251 900 3335 prorupit
927 3252 963 3314 in
993 3250 1170 3330 audaciam,
1200 3258 1240 3315 ut

284 3356 384 3439 ipsius
406 3356 546 3419 decimas
568 3362 601 3419 et
623 3356 789 3448 praesentis
810 3355 936 3419 fructus
955 3354 1033 3417 anni
1051 3354 1156 3418 multo
1178 3352 1240 3417 sibi

282 3459 392 3523 labore
418 3460 567 3523 collectos
592 3459 681 3523 intra
709 3458 858 3522 cimiterii
888 3465 983 3548 septa
1003 3450 1180 3536 invaderet,
1206 3464 1240 3521 et
1296 3459 1300 3468 '

285 3562 362 3627 hinc
382 3562 505 3627 ablatos
525 3567 712 3645 asportaret.
758 3562 856 3627 cuod
871 3561 936 3625 sive
950 3560 1073 3624 sciente
1088 3560 1153 3624 sire
1167 3581 1240 3625 nes·

286 3666 392 3730 ciente
412 3666 517 3748 priore
544 3672 653 3729 actum
679 3664 731 3743 sit,
755 3664 795 3729 ab
822 3666 891 3749 ejus
917 3670 1029 3728 tamen
1053 3662 1241 3728 hominibus

285 3774 506 3852 perpetratum
521 3788 590 3832 esse
604 3789 671 3832 non
686 3766 889 3851 ambigimus.
935 3768 1033 3832 Unde
1047 3768 1152 3831 celum
1166 3787 1240 3831 nos-

286 3878 374 3935 trum
389 3877 568 3955 temperare
582 3892 650 3935 non
663 3857 844 3955 possumus,
855 3870 936 3955 quin
950 3870 1115 3935 sanctitati
1128 3878 1242 3933 vestrae

286 3996 381 4059 super
401 3975 463 4038 hac
483 3974 673 4055 corrigenda
690 3974 874 4039 temeritate
892 3973 1118 4058 supplicemus,
1132 3980 1171 4036 ut
1191 3972 1242 4035 in·

281 4078 401 4161 jnriam
424 4098 514 4140 suam
539 4077 580 4141 ob
602 4077 809 4161 corrigendos
823 4077 908 4141 -alios
930 4098 1046 4140 manus
1070 4074 1242 4158 apostolica

281 4180 369 4264 juste
383 4181 508 4263 puniat,
525 4186 558 4245 et
572 4180 820 4245 misericorditer
833 4200 937 4261 egeno
951 4178 1114 4243 laboranti
1128 4175 1241 4239 subve-

283 4283 362 4347 niat.
409 4284 523 4349 Cantas
538 4284 626 4348 enim
641 4284 765 4348 domini
780 4284 910 4368 Rogeri,
923 4284 1046 4347 dudum
1062 4277 1242 4345 Castrensis

288 4386 438 4473 episcopi,
454 4395 488 4452 et
506 4388 615 4454 dilecti
631 4388 731 4472 patris
746 4388 849 4537 npstri
864 4387 987 4452 domini
1001 4382 1242 4450 cantuariensis

732 4494 758 4536 u
