3225 5192
394 697 459 760 308
706 715 867 760 crassam
885 716 1034 760 errscorr

421 1045 642 1112 EPIS'POLA
664 1045 906 1110 octavu-sn
922 1067 953 1110 c.
970 1067 1139 1112 nucsucrr
1155 1068 1197 1112 aa·
1212 1069 1321 1113 carm.

752 1169 990 1214 nxnsroacxss.

396 1300 433 1364 G.
451 1300 512 1364 Dei
530 1301 640 1382 pratia
658 1299 883 1364 Βοπᾰοηὶεηείε
904 1303 1065 1383 episcopas
1088 1301 1210 1365 dilectis
1232 1302 1292 1364 sibi
1314 1303 1347 1366 io

436 1404 568 1467 Domino
596 1403 634 1466 G.
659 1403 896 1485 Herefords'easi
919 1403 1034 1467 decom
1061 1405 1177 1486 totique
1201 1407 1345 1487 capitulo,

436 1507 567 1570 salutm
581 1512 611 1569 et
625 1507 752 1570 sicem
767 1507 941 1570 dilectionis
955 1505 1110 1590 affectam.

437 1656 510 1720 Usc
525 1656 650 1722 celebre
665 1663 724 1735 est,
733 1661 772 1720 ut
787 1679 806 1720 a
821 1657 939 1741 quibus
953 1657 1082 1739 repulsa
1096 1677 1163 1721 uon
1178 1658 1344 1735 metuitur,

388 1765 426 1824 ct
441 1759 481 1824 de
497 1779 634 1842 quorum
649 1759 782 1824 caritate
801 1759 882 1824 fides
901 1759 1042 1824 habetur
1060 1759 1185 1838 certior,
1200 1761 1252 1824 his
1271 1783 1344 1826 cum

388 1861 577 1928 indubitata
605 1862 774 1928 obtinendi
803 1883 874 1946 quse
902 1862 1051 1946 cupimus
1084 1862 1203 1928 fiducia
1237 1885 1346 1948 preces

392 1963 522 2030 uberius
542 1965 722 2032 offeramus.
769 1965 882 2032 Quum
903 1966 1013 2049 itaque
1034 1967 1274 2049 praeteritorum
1292 1988 1345 2031 ex-

390 2067 508 2132 hibitio
527 2069 563 2132 in
582 2069 783 2152 postulandis
801 2090 863 2134 nos
882 2069 1018 2134 tutiores
1037 2069 1164 2147 efficiat,
1179 2091 1254 2134 cum
1274 2070 1346 2135 uni-

391 2169 489 2234 uersis
518 2170 661 2254 singulos
690 2171 865 2234 affectuose
893 2190 1055 2253 rogamm,
1079 2171 1234 2253 quatinus
1257 2179 1346 2236 certa

389 2273 523 2355 negotis
547 2275 587 2338 R.
612 2273 718 2338 Coled
740 2320 748 2338 .
776 2322 783 2337 .
811 2322 819 2337 .
844 2273 886 2338 ad
907 2273 1005 2337 tidem
1026 2279 1061 2336 et
1082 2273 1229 2338 canonici
1248 2275 1346 2339 vestri

391 2375 508 2442 divinae
524 2375 654 2460 pietatis
669 2383 702 2442 et
717 2383 837 2442 nostrae
851 2377 1017 2461 petitionis
1031 2377 1156 2440 intuitu
1168 2377 1345 2444 misericor·

393 2477 476 2544 diter
491 2480 604 2564 agatis,
615 2487 654 2545 ut
669 2481 747 2544 dum
763 2480 797 2544 iu
813 2479 930 2544 scholis
944 2487 1091 2543 moratur
1104 2480 1260 2563 portionis
1275 2502 1346 2564 quoe

392 2603 468 2648 eum
491 2584 652 2666 contingit
677 2605 743 2648 nou
767 2584 888 2647 sentiat
911 2582 1126 2666 dispendium.
1171 2581 1269 2647 Pium
1297 2593 1346 2648 est

392 2683 480 2749 enim
499 2685 550 2750 his
570 2685 739 2751 subvenire
757 2707 837 2770 quos
857 2706 947 2749 amor
967 2684 1111 2748 scientia
1129 2683 1207 2750 lacit
1226 2687 1344 2750 exules.

391 2787 464 2852 Nec
483 2795 568 2852 certe
588 2787 784 2854 trahendum
804 2787 915 2852 estad
936 2787 1201 2869 consequentiam
1219 2788 1248 2851 si
1268 2789 1346 2872 quid

390 2889 498 2974 impiis
518 2891 622 2956 musis
641 2891 698 2956 fiat
718 2897 810 2956 extra
828 2890 984 2955 ordinem.
1030 2890 1164 2954 Gratius
1183 2898 1222 2954 ut
1241 2892 1344 2955 nostis

391 2993 461 3056 fieri
481 2992 562 3057 solet
581 2993 750 3076 accipienti
770 2992 969 3076 postulatum
989 2991 1068 3056 dnm
1087 2991 1231 3071 offertur,
1246 3013 1344 3076 quam

391 3115 466 3164 cum
492 3095 533 3160 ab
558 3095 661 3160 invito
682 3095 796 3180 judicii
821 3096 951 3160 calculis
976 3095 1135 3178 emungit,
1158 3103 1193 3158 et
1217 3096 1345 3160 utinam

390 3199 614 3264 necessitatem
643 3199 782 3264 faciendi
811 3200 960 3265 voluntas
990 3199 1170 3277 antecedat,
1193 3205 1228 3263 et
1256 3219 1343 3264 coer·

391 3301 516 3368 donem
545 3323 635 3367 mera
662 3302 837 3368 liberalitas
866 3303 1051 3388 praeveniat.
1098 3301 1196 3367 Scitis
1221 3303 1342 3367 etenim

390 3405 468 3488 quid
497 3407 591 3472 nobis
620 3407 733 3474 datum
763 3407 805 3472 sit
833 3407 868 3474 in
898 3407 1069 3484 mandatis,
1098 3406 1186 3489 quod
1213 3406 1342 3489 exsequi

389 3510 635 3590 supersedimus,
659 3510 823 3576 laboribus
846 3509 960 3576 vestus
983 3515 1018 3574 et
1041 3509 1189 3591 expensis
1213 3529 1342 3592 parcere

389 3609 564 3694 cupientes,
581 3611 641 3676 sub
662 3634 717 3696 spe
736 3613 915 3678 certissima
933 3610 968 3676 id
987 3617 1201 3695 expectantes,
1216 3617 1254 3675 ut
1268 3617 1344 3676 voto

386 3719 423 3778 et
437 3713 620 3778 necessitati
632 3715 700 3799 jam
712 3714 790 3780 dicti
802 3715 943 3794 Ricardi,
955 3715 1058 3800 magis
1068 3715 1234 3780 voluntate
1245 3735 1343 3798 quam

388 3815 550 3880 sententia
571 3817 648 3882 satia
670 3818 737 3898 fiat,
761 3818 849 3902 quod
875 3818 982 3882 adhuc
1007 3818 1155 3882 futurum
1178 3839 1342 3901 speramus

387 3939 497 4002 preces
511 3919 659 4005 precibus
675 3921 899 4006 adjungentes,
916 3921 1069 4005 quatinus
1087 3921 1173 4005 apud
1191 3941 1247 3985 vos
1267 3941 1342 3985 nos-

387 4031 454 4087 tras
474 4023 535 4088 sibi
554 4025 710 4107 profuisse
730 4047 840 4109 preces
859 4046 911 4088 res
930 4025 1000 4107 ipsa
1019 4023 1170 4102 declaret,
1186 4031 1220 4088 et
1233 4024 1341 4108 ipsum

388 4124 506 4190 servitii
521 4145 580 4190 nos
596 4125 772 4208 gratiarum
788 4125 949 4190 debitores
962 4126 1118 4190 babeatis.
