<?xml version="1.0" encoding="UTF-8"?>
<!DOCTYPE html PUBLIC "-//W3C//DTD XHTML 1.0 Transitional//EN"
    "http://www.w3.org/TR/xhtml1/DTD/xhtml1-transitional.dtd">
<html xmlns="http://www.w3.org/1999/xhtml" xml:lang="en" lang="en">
 <head>
  <title>
</title>
<meta http-equiv="Content-Type" content="text/html;charset=utf-8" />
  <meta name='ocr-system' content='tesseract 3.04.00' />
  <meta name='ocr-capabilities' content='ocr_page ocr_carea ocr_par ocr_line ocrx_word'/>
</head>
<body>
  <div class='ocr_page' id='page_1' title='image "./gilbertiexabbat00gilegoog_0167.png"; bbox 0 0 3225 5192; ppageno 0'>
   <div class='ocr_carea' id='block_1_1' title="bbox 351 682 992 748">
    <p class='ocr_par' dir='ltr' id='par_1_1' title="bbox 351 682 992 748">
     <span class='ocr_line' id='line_1_1' title="bbox 351 682 992 748; baseline 0.003 -2"><span class='ocrx_word' id='word_1_1' title='bbox 351 682 415 746; x_wconf 84' lang='lat'>136</span> <span class='ocrx_word' id='word_1_2' title='bbox 660 700 821 745; x_wconf 79' lang='lat' dir='ltr'>urnnrnrr</span> <span class='ocrx_word' id='word_1_3' title='bbox 839 698 992 748; x_wconf 74' lang='lat' dir='ltr'>nrrsoorr</span> 
     </span>
    </p>
   </div>
   <div class='ocr_carea' id='block_1_2' title="bbox 316 810 1308 2965">
    <p class='ocr_par' dir='ltr' id='par_1_2' title="bbox 316 810 1308 2965">
     <span class='ocr_line' id='line_1_2' title="bbox 349 810 1305 901; baseline -0.006 -19"><span class='ocrx_word' id='word_1_4' title='bbox 349 816 435 900; x_wconf 90' lang='lat' dir='ltr'>quod</span> <span class='ocrx_word' id='word_1_5' title='bbox 450 816 633 901; x_wconf 70' lang='lat' dir='ltr'>quesumus,</span> <span class='ocrx_word' id='word_1_6' title='bbox 649 814 725 900; x_wconf 90' lang='lat' dir='ltr'>quia</span> <span class='ocrx_word' id='word_1_7' title='bbox 739 823 877 881; x_wconf 82' lang='lat' dir='ltr'>vestram</span> <span class='ocrx_word' id='word_1_8' title='bbox 892 836 960 881; x_wconf 88' lang='lat' dir='ltr'>non</span> <span class='ocrx_word' id='word_1_9' title='bbox 974 814 1115 877; x_wconf 82' lang='lat' dir='ltr'>ferentes</span> <span class='ocrx_word' id='word_1_10' title='bbox 1134 813 1222 877; x_wconf 90' lang='lat' dir='ltr'>ultra</span> <span class='ocrx_word' id='word_1_11' title='bbox 1240 810 1305 875; x_wconf 63' lang='lat' dir='ltr'>irae</span> 
     </span>
     <span class='ocr_line' id='line_1_3' title="bbox 349 914 1305 1002; baseline -0.004 -19"><span class='ocrx_word' id='word_1_12' title='bbox 349 919 500 983; x_wconf 81' lang='lat' dir='ltr'><strong>cundiam</strong></span> <span class='ocrx_word' id='word_1_13' title='bbox 516 919 641 984; x_wconf 83' lang='lat' dir='ltr'>veniam</span> <span class='ocrx_word' id='word_1_14' title='bbox 656 919 799 983; x_wconf 80' lang='lat' dir='ltr'>excessui</span> <span class='ocrx_word' id='word_1_15' title='bbox 813 919 1025 1002; x_wconf 85' lang='lat' dir='ltr'>postulamus.</span> <span class='ocrx_word' id='word_1_16' title='bbox 1070 916 1159 981; x_wconf 83' lang='lat' dir='ltr'>Nam</span> <span class='ocrx_word' id='word_1_17' title='bbox 1181 915 1208 979; x_wconf 91' lang='lat' dir='ltr'>si</span> <span class='ocrx_word' id='word_1_18' title='bbox 1227 914 1305 999; x_wconf 89' lang='lat' dir='ltr'>quid</span> 
     </span>
     <span class='ocr_line' id='line_1_4' title="bbox 348 1017 1306 1107; baseline -0.004 -22"><span class='ocrx_word' id='word_1_19' title='bbox 348 1023 382 1087; x_wconf 93' lang='lat' dir='ltr'>in</span> <span class='ocrx_word' id='word_1_20' title='bbox 397 1043 453 1087; x_wconf 84' lang='lat' dir='ltr'>vos</span> <span class='ocrx_word' id='word_1_21' title='bbox 468 1022 617 1100; x_wconf 81' lang='lat' dir='ltr'>diximus,</span> <span class='ocrx_word' id='word_1_22' title='bbox 634 1022 697 1087; x_wconf 92' lang='lat' dir='ltr'>hoc</span> <span class='ocrx_word' id='word_1_23' title='bbox 717 1017 825 1107; x_wconf 89' lang='lat' dir='ltr'>ipsum</span> <span class='ocrx_word' id='word_1_24' title='bbox 845 1020 1044 1106; x_wconf 77' lang='lat' dir='ltr'><strong>palinodiam</strong></span> <span class='ocrx_word' id='word_1_25' title='bbox 1065 1019 1101 1083; x_wconf 91' lang='lat' dir='ltr'>iu</span> <span class='ocrx_word' id='word_1_26' title='bbox 1122 1040 1182 1083; x_wconf 87' lang='lat' dir='ltr'>nos</span> <span class='ocrx_word' id='word_1_27' title='bbox 1204 1039 1306 1081; x_wconf 82' lang='lat' dir='ltr'>manu</span> 
     </span>
     <span class='ocr_line' id='line_1_5' title="bbox 348 1120 1305 1210; baseline -0.004 -21"><span class='ocrx_word' id='word_1_28' title='bbox 348 1124 476 1210; x_wconf 86' lang='lat' dir='ltr'>propria</span> <span class='ocrx_word' id='word_1_29' title='bbox 497 1125 729 1190; x_wconf 87' lang='lat' dir='ltr'>conscribendo</span> <span class='ocrx_word' id='word_1_30' title='bbox 750 1132 966 1203; x_wconf 85' lang='lat' dir='ltr'>recantamus,</span> <span class='ocrx_word' id='word_1_31' title='bbox 988 1130 1023 1188; x_wconf 87' lang='lat' dir='ltr'>et</span> <span class='ocrx_word' id='word_1_32' title='bbox 1044 1122 1071 1187; x_wconf 86' lang='lat' dir='ltr'>si</span> <span class='ocrx_word' id='word_1_33' title='bbox 1092 1130 1235 1187; x_wconf 84' lang='lat' dir='ltr'>vestrum</span> <span class='ocrx_word' id='word_1_34' title='bbox 1254 1120 1305 1187; x_wconf 83' lang='lat' dir='ltr'>vel</span> 
     </span>
     <span class='ocr_line' id='line_1_6' title="bbox 349 1225 1305 1311; baseline -0.003 -20"><span class='ocrx_word' id='word_1_35' title='bbox 349 1228 511 1293; x_wconf 86' lang='lat' dir='ltr'>modicum</span> <span class='ocrx_word' id='word_1_36' title='bbox 540 1229 699 1294; x_wconf 87' lang='lat' dir='ltr'>movimus</span> <span class='ocrx_word' id='word_1_37' title='bbox 728 1228 887 1307; x_wconf 88' lang='lat' dir='ltr'>animum,</span> <span class='ocrx_word' id='word_1_38' title='bbox 916 1229 986 1311; x_wconf 87' lang='lat' dir='ltr'>ipso</span> <span class='ocrx_word' id='word_1_39' title='bbox 1012 1226 1140 1309; x_wconf 89' lang='lat' dir='ltr'>culpam</span> <span class='ocrx_word' id='word_1_40' title='bbox 1164 1225 1305 1289; x_wconf 84' lang='lat' dir='ltr'>fatemur</span> 
     </span>
     <span class='ocr_line' id='line_1_7' title="bbox 348 1329 1305 1416; baseline -0.002 -21"><span class='ocrx_word' id='word_1_41' title='bbox 348 1352 413 1410; x_wconf 90' lang='lat' dir='ltr'>ore,</span> <span class='ocrx_word' id='word_1_42' title='bbox 437 1332 610 1415; x_wconf 76' lang='lat' dir='ltr'>quominus</span> <span class='ocrx_word' id='word_1_43' title='bbox 635 1341 729 1397; x_wconf 87' lang='lat' dir='ltr'>caute</span> <span class='ocrx_word' id='word_1_44' title='bbox 753 1331 1004 1416; x_wconf 89' lang='lat' dir='ltr'>prorumpendo,</span> <span class='ocrx_word' id='word_1_45' title='bbox 1027 1329 1062 1393; x_wconf 92' lang='lat' dir='ltr'>id</span> <span class='ocrx_word' id='word_1_46' title='bbox 1085 1330 1177 1393; x_wconf 91' lang='lat' dir='ltr'>nullo</span> <span class='ocrx_word' id='word_1_47' title='bbox 1198 1336 1305 1393; x_wconf 81' lang='lat' dir='ltr'>vestro</span> 
     </span>
     <span class='ocr_line' id='line_1_8' title="bbox 349 1432 1305 1518; baseline -0.004 -19"><span class='ocrx_word' id='word_1_48' title='bbox 349 1434 500 1518; x_wconf 80' lang='lat' dir='ltr'>exigente</span> <span class='ocrx_word' id='word_1_49' title='bbox 520 1435 647 1514; x_wconf 85' lang='lat' dir='ltr'>merito,</span> <span class='ocrx_word' id='word_1_50' title='bbox 662 1436 698 1499; x_wconf 90' lang='lat' dir='ltr'>in</span> <span class='ocrx_word' id='word_1_51' title='bbox 713 1434 880 1499; x_wconf 87' lang='lat' dir='ltr'>dominum</span> <span class='ocrx_word' id='word_1_52' title='bbox 896 1433 1090 1499; x_wconf 87' lang='lat' dir='ltr'>offendimus</span> <span class='ocrx_word' id='word_1_53' title='bbox 1105 1438 1140 1497; x_wconf 89' lang='lat' dir='ltr'>et</span> <span class='ocrx_word' id='word_1_54' title='bbox 1154 1432 1305 1495; x_wconf 89' lang='lat' dir='ltr'>amicum.</span> 
     </span>
     <span class='ocr_line' id='line_1_9' title="bbox 349 1535 1306 1622; baseline -0.005 -21"><span class='ocrx_word' id='word_1_55' title='bbox 349 1538 434 1601; x_wconf 85' lang='lat' dir='ltr'>Cum</span> <span class='ocrx_word' id='word_1_56' title='bbox 463 1538 597 1603; x_wconf 87' lang='lat' dir='ltr'>caritate</span> <span class='ocrx_word' id='word_1_57' title='bbox 626 1538 756 1622; x_wconf 85' lang='lat' dir='ltr'>quidem</span> <span class='ocrx_word' id='word_1_58' title='bbox 788 1537 937 1603; x_wconf 81' lang='lat' dir='ltr'>stetimus</span> <span class='ocrx_word' id='word_1_59' title='bbox 970 1536 1007 1600; x_wconf 90' lang='lat' dir='ltr'>in</span> <span class='ocrx_word' id='word_1_60' title='bbox 1040 1535 1180 1601; x_wconf 82' lang='lat' dir='ltr'>ecclesiae</span> <span class='ocrx_word' id='word_1_61' title='bbox 1208 1554 1306 1599; x_wconf 84' lang='lat' dir='ltr'>causa</span> 
     </span>
     <span class='ocr_line' id='line_1_10' title="bbox 349 1640 1304 1727; baseline -0.003 -20"><span class='ocrx_word' id='word_1_62' title='bbox 349 1664 446 1727; x_wconf 87' lang='lat' dir='ltr'>quam</span> <span class='ocrx_word' id='word_1_63' title='bbox 468 1644 620 1722; x_wconf 82' lang='lat' dir='ltr'>fovemus,</span> <span class='ocrx_word' id='word_1_64' title='bbox 637 1651 670 1708; x_wconf 90' lang='lat' dir='ltr'>et</span> <span class='ocrx_word' id='word_1_65' title='bbox 692 1645 719 1708; x_wconf 91' lang='lat' dir='ltr'>si</span> <span class='ocrx_word' id='word_1_66' title='bbox 736 1645 862 1709; x_wconf 82' lang='lat' dir='ltr'>serrum.</span> <span class='ocrx_word' id='word_1_67' title='bbox 881 1644 922 1709; x_wconf 92' lang='lat' dir='ltr'>de</span> <span class='ocrx_word' id='word_1_68' title='bbox 943 1641 1116 1707; x_wconf 87' lang='lat' dir='ltr'>manubrio</span> <span class='ocrx_word' id='word_1_69' title='bbox 1137 1640 1231 1705; x_wconf 89' lang='lat' dir='ltr'>nobis</span> <span class='ocrx_word' id='word_1_70' title='bbox 1253 1642 1304 1704; x_wconf 88' lang='lat' dir='ltr'>in·</span> 
     </span>
     <span class='ocr_line' id='line_1_11' title="bbox 349 1744 1305 1832; baseline -0.002 -23"><span class='ocrx_word' id='word_1_71' title='bbox 349 1745 548 1811; x_wconf 87' lang='lat' dir='ltr'>considerate</span> <span class='ocrx_word' id='word_1_72' title='bbox 571 1746 814 1812; x_wconf 77' lang='lat' dir='ltr'>moderantibus</span> <span class='ocrx_word' id='word_1_73' title='bbox 836 1746 983 1832; x_wconf 89' lang='lat' dir='ltr'>elapsum</span> <span class='ocrx_word' id='word_1_74' title='bbox 1008 1752 1068 1824; x_wconf 90' lang='lat' dir='ltr'>est,</span> <span class='ocrx_word' id='word_1_75' title='bbox 1091 1744 1171 1829; x_wconf 92' lang='lat' dir='ltr'>quid</span> <span class='ocrx_word' id='word_1_76' title='bbox 1194 1764 1305 1828; x_wconf 89' lang='lat' dir='ltr'>super·</span> 
     </span>
     <span class='ocr_line' id='line_1_12' title="bbox 349 1847 1306 1933; baseline -0.001 -21"><span class='ocrx_word' id='word_1_77' title='bbox 349 1854 398 1912; x_wconf 88' lang='lat' dir='ltr'>est</span> <span class='ocrx_word' id='word_1_78' title='bbox 417 1848 551 1926; x_wconf 81' lang='lat' dir='ltr'>consilii,</span> <span class='ocrx_word' id='word_1_79' title='bbox 573 1848 635 1913; x_wconf 91' lang='lat' dir='ltr'>nisi</span> <span class='ocrx_word' id='word_1_80' title='bbox 656 1855 694 1913; x_wconf 90' lang='lat' dir='ltr'>ut</span> <span class='ocrx_word' id='word_1_81' title='bbox 714 1850 756 1913; x_wconf 86' lang='lat' dir='ltr'>ad</span> <span class='ocrx_word' id='word_1_82' title='bbox 775 1871 932 1933; x_wconf 88' lang='lat' dir='ltr'>magnum</span> <span class='ocrx_word' id='word_1_83' title='bbox 953 1848 1047 1913; x_wconf 89' lang='lat' dir='ltr'>illum</span> <span class='ocrx_word' id='word_1_84' title='bbox 1066 1847 1211 1913; x_wconf 86' lang='lat' dir='ltr'>Eliseum</span> <span class='ocrx_word' id='word_1_85' title='bbox 1230 1867 1306 1911; x_wconf 85' lang='lat' dir='ltr'>cum</span> 
     </span>
     <span class='ocr_line' id='line_1_13' title="bbox 349 1950 1306 2043; baseline 0 -30"><span class='ocrx_word' id='word_1_86' title='bbox 349 1951 542 2033; x_wconf 80' lang='lat' dir='ltr'>poemtentia</span> <span class='ocrx_word' id='word_1_87' title='bbox 571 1956 604 2015; x_wconf 89' lang='lat' dir='ltr'>et</span> <span class='ocrx_word' id='word_1_88' title='bbox 633 1952 778 2017; x_wconf 89' lang='lat' dir='ltr'>lamento</span> <span class='ocrx_word' id='word_1_89' title='bbox 807 1952 1032 2016; x_wconf 82' lang='lat' dir='ltr'>recmramusi</span> <span class='ocrx_word' id='word_1_90' title='bbox 1083 1950 1209 2043; x_wconf 77' lang='lat' dir='ltr'>Magna</span> <span class='ocrx_word' id='word_1_91' title='bbox 1233 1970 1306 2034; x_wconf 85' lang='lat' dir='ltr'>spes</span> 
     </span>
     <span class='ocr_line' id='line_1_14' title="bbox 349 2053 1305 2140; baseline 0 -23"><span class='ocrx_word' id='word_1_92' title='bbox 349 2060 409 2131; x_wconf 89' lang='lat' dir='ltr'>est,</span> <span class='ocrx_word' id='word_1_93' title='bbox 431 2061 469 2118; x_wconf 88' lang='lat' dir='ltr'>ut</span> <span class='ocrx_word' id='word_1_94' title='bbox 490 2053 704 2137; x_wconf 75' lang='lat' dir='ltr'>prenitentem</span> <span class='ocrx_word' id='word_1_95' title='bbox 725 2076 830 2138; x_wconf 80' lang='lat' dir='ltr'>praeco</span> <span class='ocrx_word' id='word_1_96' title='bbox 849 2056 1050 2140; x_wconf 82' lang='lat' dir='ltr'>poeuitentiae</span> <span class='ocrx_word' id='word_1_97' title='bbox 1069 2075 1138 2119; x_wconf 91' lang='lat' dir='ltr'>non</span> <span class='ocrx_word' id='word_1_98' title='bbox 1160 2054 1305 2138; x_wconf 82' lang='lat' dir='ltr'>repellat,</span> 
     </span>
     <span class='ocr_line' id='line_1_15' title="bbox 350 2156 1308 2241; baseline -0.002 -20"><span class='ocrx_word' id='word_1_99' title='bbox 350 2162 383 2221; x_wconf 89' lang='lat' dir='ltr'>et</span> <span class='ocrx_word' id='word_1_100' title='bbox 404 2156 672 2239; x_wconf 74' lang='lat' dir='ltr'>ingemiscentem</span> <span class='ocrx_word' id='word_1_101' title='bbox 695 2158 802 2235; x_wconf 86' lang='lat' dir='ltr'>altius,</span> <span class='ocrx_word' id='word_1_102' title='bbox 824 2158 893 2241; x_wconf 91' lang='lat' dir='ltr'>ipse</span> <span class='ocrx_word' id='word_1_103' title='bbox 915 2158 1097 2241; x_wconf 83' lang='lat' dir='ltr'>gemituum</span> <span class='ocrx_word' id='word_1_104' title='bbox 1117 2156 1308 2241; x_wconf 70' lang='lat' dir='ltr'>praedicator</span> 
     </span>
     <span class='ocr_line' id='line_1_16' title="bbox 351 2256 1307 2345; baseline 0 -21"><span class='ocrx_word' id='word_1_105' title='bbox 351 2280 417 2324; x_wconf 91' lang='lat' dir='ltr'>non</span> <span class='ocrx_word' id='word_1_106' title='bbox 440 2258 580 2345; x_wconf 84' lang='lat' dir='ltr'>abjiciat.</span> <span class='ocrx_word' id='word_1_107' title='bbox 625 2260 817 2327; x_wconf 86' lang='lat' dir='ltr'>Poteramus</span> <span class='ocrx_word' id='word_1_108' title='bbox 839 2262 988 2344; x_wconf 88' lang='lat' dir='ltr'>equidem</span> <span class='ocrx_word' id='word_1_109' title='bbox 1011 2261 1159 2325; x_wconf 91' lang='lat' dir='ltr'>debitum</span> <span class='ocrx_word' id='word_1_110' title='bbox 1179 2256 1307 2324; x_wconf 70' lang='lat' dir='ltr'>ansati</span> 
     </span>
     <span class='ocr_line' id='line_1_17' title="bbox 316 2362 1306 2448; baseline -0.001 -22"><span class='ocrx_word' id='word_1_111' title='bbox 316 2434 322 2445; x_wconf 50' lang='grc'><em>,</em></span> <span class='ocrx_word' id='word_1_112' title='bbox 351 2382 488 2446; x_wconf 86' lang='lat' dir='ltr'>pensum</span> <span class='ocrx_word' id='word_1_113' title='bbox 502 2362 680 2447; x_wconf 81' lang='lat' dir='ltr'>prudenter</span> <span class='ocrx_word' id='word_1_114' title='bbox 695 2372 727 2428; x_wconf 89' lang='lat' dir='ltr'>et</span> <span class='ocrx_word' id='word_1_115' title='bbox 742 2364 878 2427; x_wconf 77' lang='lat' dir='ltr'>honeste</span> <span class='ocrx_word' id='word_1_116' title='bbox 897 2364 1085 2448; x_wconf 88' lang='lat' dir='ltr'>persolvere,</span> <span class='ocrx_word' id='word_1_117' title='bbox 1101 2370 1135 2427; x_wconf 90' lang='lat' dir='ltr'>et</span> <span class='ocrx_word' id='word_1_118' title='bbox 1150 2363 1306 2445; x_wconf 87' lang='lat' dir='ltr'>discepta-</span> 
     </span>
     <span class='ocr_line' id='line_1_18' title="bbox 350 2466 1307 2557; baseline 0.001 -28"><span class='ocrx_word' id='word_1_119' title='bbox 350 2466 441 2530; x_wconf 87' lang='lat' dir='ltr'>tione</span> <span class='ocrx_word' id='word_1_120' title='bbox 457 2466 677 2545; x_wconf 85' lang='lat' dir='ltr'>ecclesiastica,</span> <span class='ocrx_word' id='word_1_121' title='bbox 690 2468 785 2551; x_wconf 85' lang='lat' dir='ltr'>juxta</span> <span class='ocrx_word' id='word_1_122' title='bbox 795 2466 879 2551; x_wconf 90' lang='lat' dir='ltr'>juris</span> <span class='ocrx_word' id='word_1_123' title='bbox 893 2467 1040 2545; x_wconf 82' lang='lat' dir='ltr'>formam,</span> <span class='ocrx_word' id='word_1_124' title='bbox 1052 2466 1307 2557; x_wconf 23' lang='lat' dir='ltr'>etiamlDomino</span> 
     </span>
     <span class='ocr_line' id='line_1_19' title="bbox 350 2569 1306 2655; baseline 0.001 -23"><span class='ocrx_word' id='word_1_125' title='bbox 350 2569 473 2633; x_wconf 92' lang='lat' dir='ltr'>nonin</span> <span class='ocrx_word' id='word_1_126' title='bbox 494 2570 556 2635; x_wconf 88' lang='lat' dir='ltr'>hoc</span> <span class='ocrx_word' id='word_1_127' title='bbox 574 2571 777 2655; x_wconf 86' lang='lat' dir='ltr'>indignante,</span> <span class='ocrx_word' id='word_1_128' title='bbox 797 2572 957 2636; x_wconf 88' lang='lat' dir='ltr'>resistere.</span> <span class='ocrx_word' id='word_1_129' title='bbox 1003 2570 1068 2635; x_wconf 84' lang='lat' dir='ltr'>Sed</span> <span class='ocrx_word' id='word_1_130' title='bbox 1088 2570 1165 2654; x_wconf 91' lang='lat' dir='ltr'>quid</span> <span class='ocrx_word' id='word_1_131' title='bbox 1185 2570 1228 2634; x_wconf 89' lang='lat' dir='ltr'>ad</span> <span class='ocrx_word' id='word_1_132' title='bbox 1246 2590 1306 2634; x_wconf 91' lang='lat' dir='ltr'>nos</span> 
     </span>
     <span class='ocr_line' id='line_1_20' title="bbox 350 2672 1307 2758; baseline 0.001 -22"><span class='ocrx_word' id='word_1_133' title='bbox 350 2672 523 2738; x_wconf 79' lang='lat' dir='ltr'>extendere</span> <span class='ocrx_word' id='word_1_134' title='bbox 553 2674 702 2758; x_wconf 86' lang='lat' dir='ltr'>digitum,</span> <span class='ocrx_word' id='word_1_135' title='bbox 726 2675 859 2740; x_wconf 88' lang='lat' dir='ltr'>brachia</span> <span class='ocrx_word' id='word_1_136' title='bbox 882 2682 1095 2758; x_wconf 85' lang='lat' dir='ltr'>contorquere</span> <span class='ocrx_word' id='word_1_137' title='bbox 1119 2675 1156 2737; x_wconf 90' lang='lat' dir='ltr'>in</span> <span class='ocrx_word' id='word_1_138' title='bbox 1180 2695 1245 2751; x_wconf 86' lang='lat' dir='ltr'>vos,</span> <span class='ocrx_word' id='word_1_139' title='bbox 1272 2679 1307 2737; x_wconf 88' lang='lat' dir='ltr'>et</span> 
     </span>
     <span class='ocr_line' id='line_1_21' title="bbox 350 2778 1307 2863; baseline -0.001 -24"><span class='ocrx_word' id='word_1_140' title='bbox 350 2782 506 2861; x_wconf 90' lang='lat' dir='ltr'>tanquam</span> <span class='ocrx_word' id='word_1_141' title='bbox 527 2778 662 2863; x_wconf 86' lang='lat' dir='ltr'>alicujus</span> <span class='ocrx_word' id='word_1_142' title='bbox 683 2800 825 2843; x_wconf 84' lang='lat' dir='ltr'>essemus</span> <span class='ocrx_word' id='word_1_143' title='bbox 838 2779 1013 2857; x_wconf 81' lang='lat' dir='ltr'>momenti,</span> <span class='ocrx_word' id='word_1_144' title='bbox 1029 2798 1083 2842; x_wconf 92' lang='lat' dir='ltr'>ore</span> <span class='ocrx_word' id='word_1_145' title='bbox 1104 2778 1220 2841; x_wconf 86' lang='lat' dir='ltr'>misero</span> <span class='ocrx_word' id='word_1_146' title='bbox 1238 2797 1307 2839; x_wconf 93' lang='lat' dir='ltr'>non</span> 
     </span>
     <span class='ocr_line' id='line_1_22' title="bbox 351 2879 1306 2965; baseline 0.003 -23"><span class='ocrx_word' id='word_1_147' title='bbox 351 2880 456 2943; x_wconf 91' lang='lat' dir='ltr'>solum</span> <span class='ocrx_word' id='word_1_148' title='bbox 482 2882 666 2965; x_wconf 78' lang='lat' dir='ltr'>spumantia</span> <span class='ocrx_word' id='word_1_149' title='bbox 696 2881 802 2960; x_wconf 84' lang='lat' dir='ltr'>verba,</span> <span class='ocrx_word' id='word_1_150' title='bbox 833 2881 891 2946; x_wconf 91' lang='lat' dir='ltr'>sed</span> <span class='ocrx_word' id='word_1_151' title='bbox 920 2890 953 2944; x_wconf 93' lang='lat' dir='ltr'>et</span> <span class='ocrx_word' id='word_1_152' title='bbox 982 2880 1109 2945; x_wconf 90' lang='lat' dir='ltr'>tumida</span> <span class='ocrx_word' id='word_1_153' title='bbox 1133 2879 1306 2965; x_wconf 74' lang='lat' dir='ltr'>jactitare?</span> 
     </span>
    </p>
   </div>
   <div class='ocr_carea' id='block_1_3' title="bbox 350 2964 1308 3478">
    <p class='ocr_par' dir='ltr' id='par_1_3' title="bbox 350 2964 1308 3478">
     <span class='ocr_line' id='line_1_23' title="bbox 351 2964 1307 3067; baseline 0 -20"><span class='ocrx_word' id='word_1_154' title='bbox 351 2964 426 3047; x_wconf 80' lang='lat' dir='ltr'>Quo</span> <span class='ocrx_word' id='word_1_155' title='bbox 440 2982 534 3047; x_wconf 90' lang='lat' dir='ltr'>nobis</span> <span class='ocrx_word' id='word_1_156' title='bbox 550 3006 588 3047; x_wconf 85' lang='lat' dir='ltr'>aa</span> <span class='ocrx_word' id='word_1_157' title='bbox 603 2984 654 3047; x_wconf 87' lang='lat' dir='ltr'>die</span> <span class='ocrx_word' id='word_1_158' title='bbox 669 2982 782 3067; x_wconf 89' lang='lat' dir='ltr'>pudor,</span> <span class='ocrx_word' id='word_1_159' title='bbox 799 2984 962 3061; x_wconf 89' lang='lat' dir='ltr'>honestas,</span> <span class='ocrx_word' id='word_1_160' title='bbox 977 2983 1192 3047; x_wconf 85' lang='lat' dir='ltr'>ecclesiastica</span> <span class='ocrx_word' id='word_1_161' title='bbox 1213 2982 1307 3047; x_wconf 88' lang='lat' dir='ltr'>disci·</span> 
     </span>
     <span class='ocr_line' id='line_1_24' title="bbox 350 3083 1307 3169; baseline 0.002 -21"><span class='ocrx_word' id='word_1_162' title='bbox 350 3086 448 3169; x_wconf 92' lang='lat' dir='ltr'>plina,</span> <span class='ocrx_word' id='word_1_163' title='bbox 465 3094 498 3149; x_wconf 88' lang='lat' dir='ltr'>et</span> <span class='ocrx_word' id='word_1_164' title='bbox 517 3086 587 3167; x_wconf 90' lang='lat' dir='ltr'>ipsa</span> <span class='ocrx_word' id='word_1_165' title='bbox 607 3085 700 3148; x_wconf 84' lang='lat' dir='ltr'>bonae</span> <span class='ocrx_word' id='word_1_166' title='bbox 717 3086 836 3147; x_wconf 90' lang='lat' dir='ltr'>mentis</span> <span class='ocrx_word' id='word_1_167' title='bbox 851 3083 1033 3147; x_wconf 87' lang='lat' dir='ltr'>affectanda</span> <span class='ocrx_word' id='word_1_168' title='bbox 1048 3083 1205 3149; x_wconf 77' lang='lat' dir='ltr'>sobrietas</span> <span class='ocrx_word' id='word_1_169' title='bbox 1220 3086 1307 3150; x_wconf 90' lang='lat' dir='ltr'>abie-</span> 
     </span>
     <span class='ocr_line' id='line_1_25' title="bbox 350 3185 1308 3251; baseline 0.001 -1"><span class='ocrx_word' id='word_1_170' title='bbox 350 3187 452 3250; x_wconf 83' lang='lat' dir='ltr'>runti</span> <span class='ocrx_word' id='word_1_171' title='bbox 497 3187 604 3251; x_wconf 80' lang='lat' dir='ltr'>Quam</span> <span class='ocrx_word' id='word_1_172' title='bbox 620 3186 704 3248; x_wconf 87' lang='lat' dir='ltr'>male</span> <span class='ocrx_word' id='word_1_173' title='bbox 719 3185 830 3249; x_wconf 88' lang='lat' dir='ltr'>statim</span> <span class='ocrx_word' id='word_1_174' title='bbox 850 3185 886 3249; x_wconf 89' lang='lat' dir='ltr'>in</span> <span class='ocrx_word' id='word_1_175' title='bbox 904 3193 1070 3251; x_wconf 89' lang='lat' dir='ltr'>momento</span> <span class='ocrx_word' id='word_1_176' title='bbox 1089 3188 1198 3249; x_wconf 88' lang='lat' dir='ltr'>omnia</span> <span class='ocrx_word' id='word_1_177' title='bbox 1212 3187 1308 3251; x_wconf 91' lang='lat' dir='ltr'>nobis</span> 
     </span>
     <span class='ocr_line' id='line_1_26' title="bbox 351 3287 1307 3373; baseline 0.002 -20"><span class='ocrx_word' id='word_1_178' title='bbox 351 3291 458 3373; x_wconf 85' lang='lat' dir='ltr'>elapsa</span> <span class='ocrx_word' id='word_1_179' title='bbox 475 3296 562 3367; x_wconf 87' lang='lat' dir='ltr'>sunt,</span> <span class='ocrx_word' id='word_1_180' title='bbox 577 3297 616 3352; x_wconf 87' lang='lat' dir='ltr'>ut</span> <span class='ocrx_word' id='word_1_181' title='bbox 637 3287 753 3352; x_wconf 90' lang='lat' dir='ltr'>nudati</span> <span class='ocrx_word' id='word_1_182' title='bbox 772 3287 876 3367; x_wconf 90' lang='lat' dir='ltr'>bonis,</span> <span class='ocrx_word' id='word_1_183' title='bbox 896 3289 1090 3352; x_wconf 88' lang='lat' dir='ltr'>intrinsecus</span> <span class='ocrx_word' id='word_1_184' title='bbox 1110 3288 1220 3353; x_wconf 88' lang='lat' dir='ltr'>statim</span> <span class='ocrx_word' id='word_1_185' title='bbox 1241 3292 1307 3355; x_wconf 90' lang='lat' dir='ltr'>effi-</span> 
     </span>
     <span class='ocr_line' id='line_1_27' title="bbox 351 3391 1308 3478; baseline 0 -21"><span class='ocrx_word' id='word_1_186' title='bbox 351 3413 496 3457; x_wconf 87' lang='lat' dir='ltr'>ceremur</span> <span class='ocrx_word' id='word_1_187' title='bbox 511 3391 690 3474; x_wconf 85' lang='lat' dir='ltr'>dignissimi</span> <span class='ocrx_word' id='word_1_188' title='bbox 709 3399 747 3456; x_wconf 91' lang='lat' dir='ltr'>ut</span> <span class='ocrx_word' id='word_1_189' title='bbox 766 3414 786 3456; x_wconf 93' lang='lat' dir='ltr'>a</span> <span class='ocrx_word' id='word_1_190' title='bbox 804 3393 910 3475; x_wconf 86' lang='lat' dir='ltr'>gratia</span> <span class='ocrx_word' id='word_1_191' title='bbox 927 3392 1125 3456; x_wconf 79' lang='lat' dir='ltr'>caderemus.</span> <span class='ocrx_word' id='word_1_192' title='bbox 1172 3393 1236 3458; x_wconf 86' lang='lat' dir='ltr'>Sed</span> <span class='ocrx_word' id='word_1_193' title='bbox 1251 3394 1308 3478; x_wconf 88' lang='lat' dir='ltr'>qui</span> 
     </span>
    </p>
   </div>
   <div class='ocr_carea' id='block_1_4' title="bbox 350 3495 1310 4407">
    <p class='ocr_par' dir='ltr' id='par_1_4' title="bbox 350 3495 1310 4407">
     <span class='ocr_line' id='line_1_28' title="bbox 351 3495 1309 3581; baseline 0.001 -21"><span class='ocrx_word' id='word_1_194' title='bbox 351 3496 445 3573; x_wconf 89' lang='lat' dir='ltr'>cadit,</span> <span class='ocrx_word' id='word_1_195' title='bbox 461 3495 612 3581; x_wconf 92' lang='lat' dir='ltr'>nunquid</span> <span class='ocrx_word' id='word_1_196' title='bbox 631 3517 698 3559; x_wconf 93' lang='lat' dir='ltr'>non</span> <span class='ocrx_word' id='word_1_197' title='bbox 715 3496 826 3580; x_wconf 86' lang='lat' dir='ltr'>adjicit</span> <span class='ocrx_word' id='word_1_198' title='bbox 845 3502 884 3560; x_wconf 92' lang='lat' dir='ltr'>ut</span> <span class='ocrx_word' id='word_1_199' title='bbox 902 3498 1075 3579; x_wconf 83' lang='lat' dir='ltr'>resurgat?</span> <span class='ocrx_word' id='word_1_200' title='bbox 1119 3496 1190 3561; x_wconf 90' lang='lat' dir='ltr'>Nos</span> <span class='ocrx_word' id='word_1_201' title='bbox 1205 3518 1249 3561; x_wconf 86' lang='lat' dir='ltr'>an</span> <span class='ocrx_word' id='word_1_202' title='bbox 1262 3497 1309 3561; x_wconf 89' lang='lat' dir='ltr'>sio</span> 
     </span>
     <span class='ocr_line' id='line_1_29' title="bbox 350 3599 1307 3683; baseline 0.002 -20"><span class='ocrx_word' id='word_1_203' title='bbox 350 3600 495 3683; x_wconf 90' lang='lat' dir='ltr'>undique</span> <span class='ocrx_word' id='word_1_204' title='bbox 509 3601 626 3683; x_wconf 90' lang='lat' dir='ltr'>premit</span> <span class='ocrx_word' id='word_1_205' title='bbox 641 3600 803 3682; x_wconf 87' lang='lat' dir='ltr'>iniquitas,</span> <span class='ocrx_word' id='word_1_206' title='bbox 818 3608 858 3665; x_wconf 89' lang='lat' dir='ltr'>ut</span> <span class='ocrx_word' id='word_1_207' title='bbox 872 3599 966 3665; x_wconf 87' lang='lat' dir='ltr'>nobis</span> <span class='ocrx_word' id='word_1_208' title='bbox 981 3600 1022 3663; x_wconf 88' lang='lat' dir='ltr'>ad</span> <span class='ocrx_word' id='word_1_209' title='bbox 1037 3600 1175 3683; x_wconf 88' lang='lat' dir='ltr'>gratiam</span> <span class='ocrx_word' id='word_1_210' title='bbox 1196 3600 1307 3665; x_wconf 88' lang='lat' dir='ltr'>nullus</span> 
     </span>
     <span class='ocr_line' id='line_1_30' title="bbox 351 3703 1308 3783; baseline 0 -16"><span class='ocrx_word' id='word_1_211' title='bbox 351 3704 393 3767; x_wconf 90' lang='lat' dir='ltr'>sit</span> <span class='ocrx_word' id='word_1_212' title='bbox 414 3703 544 3767; x_wconf 88' lang='lat' dir='ltr'>aditus?</span> <span class='ocrx_word' id='word_1_213' title='bbox 588 3706 643 3767; x_wconf 89' lang='lat' dir='ltr'>An</span> <span class='ocrx_word' id='word_1_214' title='bbox 658 3704 686 3766; x_wconf 91' lang='lat' dir='ltr'>si</span> <span class='ocrx_word' id='word_1_215' title='bbox 699 3704 858 3768; x_wconf 87' lang='lat' dir='ltr'>modestia</span> <span class='ocrx_word' id='word_1_216' title='bbox 871 3703 966 3769; x_wconf 91' lang='lat' dir='ltr'>nobis</span> <span class='ocrx_word' id='word_1_217' title='bbox 980 3704 1115 3783; x_wconf 84' lang='lat' dir='ltr'>excidet,</span> <span class='ocrx_word' id='word_1_218' title='bbox 1130 3704 1308 3767; x_wconf 86' lang='lat' dir='ltr'>misericor·</span> 
     </span>
     <span class='ocr_line' id='line_1_31' title="bbox 351 3806 1308 3891; baseline 0.002 -21"><span class='ocrx_word' id='word_1_219' title='bbox 351 3806 405 3870; x_wconf 91' lang='lat' dir='ltr'>dia</span> <span class='ocrx_word' id='word_1_220' title='bbox 425 3826 552 3891; x_wconf 89' lang='lat' dir='ltr'>quoque</span> <span class='ocrx_word' id='word_1_221' title='bbox 573 3806 661 3871; x_wconf 83' lang='lat' dir='ltr'>vobis</span> <span class='ocrx_word' id='word_1_222' title='bbox 681 3807 789 3889; x_wconf 88' lang='lat' dir='ltr'>elapsa</span> <span class='ocrx_word' id='word_1_223' title='bbox 810 3809 883 3871; x_wconf 81' lang='lat' dir='ltr'>est?</span> <span class='ocrx_word' id='word_1_224' title='bbox 927 3808 972 3872; x_wconf 85' lang='lat' dir='ltr'>Et</span> <span class='ocrx_word' id='word_1_225' title='bbox 993 3808 1021 3871; x_wconf 91' lang='lat' dir='ltr'>si</span> <span class='ocrx_word' id='word_1_226' title='bbox 1041 3808 1208 3891; x_wconf 82' lang='lat' dir='ltr'>praecincti</span> <span class='ocrx_word' id='word_1_227' title='bbox 1228 3808 1308 3872; x_wconf 79' lang='lat' dir='ltr'>fune</span> 
     </span>
     <span class='ocr_line' id='line_1_32' title="bbox 350 3908 1308 3993; baseline 0.002 -20"><span class='ocrx_word' id='word_1_228' title='bbox 350 3911 385 3973; x_wconf 92' lang='lat' dir='ltr'>in</span> <span class='ocrx_word' id='word_1_229' title='bbox 405 3910 527 3992; x_wconf 84' lang='lat' dir='ltr'>peccati</span> <span class='ocrx_word' id='word_1_230' title='bbox 548 3910 653 3993; x_wconf 84' lang='lat' dir='ltr'>legem</span> <span class='ocrx_word' id='word_1_231' title='bbox 674 3908 874 3989; x_wconf 88' lang='lat' dir='ltr'>abducimur,</span> <span class='ocrx_word' id='word_1_232' title='bbox 894 3931 978 3974; x_wconf 81' lang='lat' dir='ltr'>aona</span> <span class='ocrx_word' id='word_1_233' title='bbox 996 3910 1053 3973; x_wconf 88' lang='lat' dir='ltr'>illa</span> <span class='ocrx_word' id='word_1_234' title='bbox 1072 3930 1170 3975; x_wconf 89' lang='lat' dir='ltr'>aurea</span> <span class='ocrx_word' id='word_1_235' title='bbox 1183 3910 1308 3975; x_wconf 80' lang='lat' dir='ltr'>vobisc</span> 
     </span>
     <span class='ocr_line' id='line_1_33' title="bbox 352 4006 1308 4097; baseline 0.001 -22"><span class='ocrx_word' id='word_1_236' title='bbox 352 4012 503 4077; x_wconf 91' lang='lat' dir='ltr'>mamillis</span> <span class='ocrx_word' id='word_1_237' title='bbox 533 4006 642 4077; x_wconf 76' lang='lat' dir='ltr'>aurlsa</span> <span class='ocrx_word' id='word_1_238' title='bbox 667 4014 739 4076; x_wconf 80' lang='lat' dir='ltr'>est?</span> <span class='ocrx_word' id='word_1_239' title='bbox 792 4013 899 4092; x_wconf 80' lang='lat' dir='ltr'>Absit,</span> <span class='ocrx_word' id='word_1_240' title='bbox 925 4021 963 4078; x_wconf 89' lang='lat' dir='ltr'>ut</span> <span class='ocrx_word' id='word_1_241' title='bbox 992 4014 1049 4097; x_wconf 90' lang='lat' dir='ltr'>qui</span> <span class='ocrx_word' id='word_1_242' title='bbox 1074 4012 1135 4077; x_wconf 92' lang='lat' dir='ltr'>sibi</span> <span class='ocrx_word' id='word_1_243' title='bbox 1164 4013 1308 4097; x_wconf 88' lang='lat' dir='ltr'>quotidie</span> 
     </span>
     <span class='ocr_line' id='line_1_34' title="bbox 352 4116 1309 4199; baseline 0.003 -20"><span class='ocrx_word' id='word_1_244' title='bbox 352 4116 474 4179; x_wconf 87' lang='lat' dir='ltr'>remitti</span> <span class='ocrx_word' id='word_1_245' title='bbox 496 4116 665 4199; x_wconf 83' lang='lat' dir='ltr'>supplicat,</span> <span class='ocrx_word' id='word_1_246' title='bbox 681 4116 876 4199; x_wconf 84' lang='lat' dir='ltr'>supplicanti</span> <span class='ocrx_word' id='word_1_247' title='bbox 898 4138 1050 4182; x_wconf 88' lang='lat' dir='ltr'>conservo</span> <span class='ocrx_word' id='word_1_248' title='bbox 1072 4116 1218 4181; x_wconf 88' lang='lat' dir='ltr'>debitum</span> <span class='ocrx_word' id='word_1_249' title='bbox 1240 4138 1309 4182; x_wconf 90' lang='lat' dir='ltr'>non</span> 
     </span>
     <span class='ocr_line' id='line_1_35' title="bbox 353 4218 1307 4303; baseline 0 -20"><span class='ocrx_word' id='word_1_250' title='bbox 353 4220 510 4298; x_wconf 88' lang='lat' dir='ltr'>remittat,</span> <span class='ocrx_word' id='word_1_251' title='bbox 525 4226 557 4283; x_wconf 87' lang='lat' dir='ltr'>et</span> <span class='ocrx_word' id='word_1_252' title='bbox 578 4218 722 4283; x_wconf 88' lang='lat' dir='ltr'>abstersa</span> <span class='ocrx_word' id='word_1_253' title='bbox 741 4226 834 4303; x_wconf 91' lang='lat' dir='ltr'>pater</span> <span class='ocrx_word' id='word_1_254' title='bbox 852 4220 1027 4285; x_wconf 72' lang='lat' dir='ltr'>uacundiae</span> <span class='ocrx_word' id='word_1_255' title='bbox 1045 4219 1175 4298; x_wconf 89' lang='lat' dir='ltr'>nebula,</span> <span class='ocrx_word' id='word_1_256' title='bbox 1190 4241 1258 4283; x_wconf 90' lang='lat' dir='ltr'>non</span> <span class='ocrx_word' id='word_1_257' title='bbox 1272 4220 1307 4284; x_wconf 92' lang='lat' dir='ltr'>in</span> 
     </span>
     <span class='ocr_line' id='line_1_36' title="bbox 354 4321 1310 4407; baseline 0 -20"><span class='ocrx_word' id='word_1_258' title='bbox 354 4322 560 4387; x_wconf 88' lang='lat' dir='ltr'>serenitatem</span> <span class='ocrx_word' id='word_1_259' title='bbox 576 4322 702 4386; x_wconf 82' lang='lat' dir='ltr'>solitam</span> <span class='ocrx_word' id='word_1_260' title='bbox 718 4343 810 4386; x_wconf 84' lang='lat' dir='ltr'>mens</span> <span class='ocrx_word' id='word_1_261' title='bbox 824 4343 893 4388; x_wconf 89' lang='lat' dir='ltr'>sese</span> <span class='ocrx_word' id='word_1_262' title='bbox 907 4331 1013 4388; x_wconf 67' lang='lat' dir='ltr'>sesua</span> <span class='ocrx_word' id='word_1_263' title='bbox 1026 4321 1192 4407; x_wconf 84' lang='lat' dir='ltr'>reciperet,</span> <span class='ocrx_word' id='word_1_264' title='bbox 1204 4342 1310 4387; x_wconf 59' lang='lat' dir='ltr'>acore</span> 
     </span>
    </p>
   </div>
   <div class='ocr_carea' id='block_1_5' title="bbox 0 0 1623 5192">
    <p class='ocr_par' dir='ltr' id='par_1_5' title="bbox 0 0 1623 5192">
     <span class='ocr_line' id='line_1_37' title="bbox 0 0 1623 5192; baseline 0 0"><span class='ocrx_word' id='word_1_265' title='bbox 0 0 1623 5192; x_wconf 95' lang='lat' dir='ltr'> </span> 
     </span>
    </p>
   </div>
  </div>
 </body>
</html>
