3225 5192
417 697 461 758 44
665 709 961 756 ornnrnrrronror
976 707 1122 754 scurris

453 1045 674 1112 EPISTOLA
695 1044 913 1110 XXXI.-sn
928 1063 1162 1108 rnnonsnnuu
1178 1063 1329 1107 esurus·

649 1169 802 1212 urrunnu
819 1167 1132 1212 sncnrsrrscoruu.

417 1301 511 1364 Patri
524 1321 580 1364 uso
601 1305 632 1364 et
654 1300 775 1364 domino
793 1299 828 1363 T.
843 1299 1060 1363 Centauricus·
1073 1301 1135 1364 Dei
1145 1300 1254 1381 pratia
1268 1299 1371 1362 credi·

460 1407 609 1485 episcopo,
625 1401 736 1486 frater
757 1403 795 1466 G.
817 1402 995 1466 Glocerlrioe
1017 1403 1120 1466 dietus
1142 1402 1248 1482 obbae,
1272 1408 1370 1465 totum

461 1506 545 1592 quod
550 1511 656 1588 potest
670 1507 794 1571 humilio
808 1513 840 1571 et
847 1512 996 1588 prompto
1010 1506 1140 1570 devotio.

462 1661 719 1725 Huurmrsrnu
746 1660 862 1725 caritas
887 1681 954 1724 non
980 1659 1116 1742 repellit.
1161 1656 1269 1739 Unde,
1294 1660 1369 1744 quia

417 1763 617 1827 Willelmum
639 1763 759 1826 Cumin
779 1762 986 1826 humiliatum
1008 1762 1155 1842 vidimus,
1171 1763 1290 1827 audere
1308 1784 1368 1828 cae·

416 1865 523 1949 pimus
542 1871 580 1930 ut
600 1865 686 1950 apud
706 1863 940 1929 sublimitatem
958 1871 1096 1930 vestrm
1116 1886 1174 1948 pro
1193 1866 1250 1930 illo
1268 1866 1368 1930 inter·

416 1967 581 2051 pellemus.
629 1967 768 2033 Quodsi
783 1967 824 2032 ab
838 1968 966 2032 unitate
985 1968 1115 2032 recessit
1135 1968 1285 2046 ecclcsiae,
1299 1969 1369 2052 ipso'

418 2071 473 2154 qui
493 2077 600 2136 tentat
616 2071 803 2154 instigante,
819 2071 861 2134 ad
880 2071 1016 2135 eandem
1032 2072 1101 2155 jam
1121 2071 1214 2150 redit,
1229 2071 1299 2154 ipso
1314 2071 1370 2155 qui

416 2173 554 2238 vivificet
570 2173 684 2256 spiritu
699 2180 811 2238 sancto
825 2181 1005 2238 revocante.
1044 2174 1143 2238 Unde
1158 2173 1199 2238 ud
1213 2173 1369 2238 thronum

416 2276 641 2342 misericordiae
658 2283 771 2342 vestrae
790 2277 844 2362 piu
862 2284 973 2340 tamen
994 2277 1244 2361 presumptione
1262 2278 1371 2362 pulsu·

416 2400 499 2460 mus,
511 2386 549 2445 ut
564 2381 591 2446 si
606 2401 681 2445 eum
694 2380 880 2444 testimonio
894 2401 1085 2462 magnarum
1101 2387 1134 2444 et
1149 2381 1371 2464 religiosarum

415 2504 625 2566 personarum
640 2483 680 2548 de
695 2505 734 2548 ec
747 2482 859 2566 inqua
872 2482 1049 2567 impegerat
1063 2483 1159 2565 culpa
1169 2483 1370 2548 satisfecisse

417 2586 618 2669 cognoscitis,
631 2605 650 2648 a
661 2585 889 2650 communione
900 2603 1092 2668 suspensum
1103 2585 1208 2648 teneri
1219 2605 1286 2648 non
1298 2607 1368 2670 per·

416 2687 564 2751 mittatis.
603 2687 763 2751 Dominus
778 2708 854 2751 vero
866 2686 1102 2770 wigorniensis
1116 2687 1180 2750 nisi
1193 2708 1251 2770 per
1265 2709 1320 2752 vos
1334 2688 1369 2751 in

324 2768 333 2788 ⁸
416 2791 676 2856 communionem
694 2812 762 2855 non
781 2790 895 2874 recipit
910 2811 1007 2874 quem
1024 2790 1215 2855 auctoritate
1229 2799 1370 2856 vestrae

416 2895 642 2960 communione
663 2894 809 2977 privavit.
854 2895 1019 2977 Rogamus
1032 2894 1142 2977 itaque
1157 2895 1254 2957 vestri
1269 2894 1369 2959 animi

415 2997 669 3061 moderationem
684 3003 722 3059 ut
738 3016 833 3079 quem
856 2995 897 3060 dc
912 2997 963 3060 Ur
978 2996 1203 3060 Chaldaeorum
1217 2995 1258 3060 ud
1274 2997 1368 3061 Jern·
1386 3031 1392 3041 ·

416 3101 515 3164 salem
538 3099 711 3182 suspirasse
733 3097 891 3180 gaudetis,
906 3098 1028 3163 intrare
1041 3100 1162 3163 volenti
1174 3107 1283 3183 portas
1299 3102 1368 3184 ejus

415 3200 557 3266 obserari
572 3222 639 3265 non
654 3199 777 3279 sinatis,
789 3201 895 3264 necui
910 3201 1008 3265 ctiam
1022 3203 1238 3267 calceamenta
1252 3203 1369 3268 stolam

415 3303 536 3388 pariter
561 3311 594 3368 et
618 3303 778 3368 annulum
803 3303 939 3368 indulsit
962 3305 1066 3388 pietas
1091 3305 1235 3386 eaelestis,
1261 3306 1369 3390 ipsum
1435 3382 1440 3397 Ι

415 3405 574 3470 nudatum
587 3405 726 3490 turpiter
741 3405 782 3470 ad
796 3405 927 3490 siliquas
941 3407 1124 3472 remittatis.

407 3683 411 3693 Ι
429 3706 649 3775 EPISuonA
670 3709 908 3775 xxm-so
923 3731 957 3776 n.
973 3731 1129 3776 rnronnu
1145 3731 1186 3774 nr
1202 3731 1351 3777 rnsrnns

796 3833 985 3878 cnnunnrn.

415 3965 548 4030 Dilectir
575 3969 609 4030 in
643 3965 768 4030 Christo
792 3965 963 4047 frutridtu,
992 3967 1034 4031 R
1058 3970 1164 4050 priori
1192 3971 1369 4052 metopae

461 4069 616 4147 Curulic,
620 4066 731 4151 frater
742 4068 780 4132 G.
789 4067 967 4133 Glocestn'oe
976 4071 1079 4134 dictur
1089 4070 1194 4151 obdas,
1205 4073 1368 4137 naildoudo

452 4171 624 4253 prudenter
638 4173 760 4254 assequi
770 4174 885 4254 pratia
898 4173 1085 4237 murico.

460 4322 586 4388 Movnr
606 4345 665 4392 nos
689 4323 877 4408 aliquandiu
898 4346 975 4408 erga
995 4347 1051 4391 vos
1069 4332 1102 4391 et
1120 4326 1189 4410 jum
1211 4327 1268 4392 diu
1290 4348 1368 4412 erga
