3225 5192
428 659 492 720 838
744 675 906 718 cinnanos
925 675 1077 719 susscoss

428 801 471 866 sis
491 800 532 864 de
553 821 635 864 novo
654 798 875 864 vocationibus
895 819 955 864 nos
973 800 1055 864 duos
1074 798 1111 861 in
1126 797 1251 862 Gallim
1268 817 1310 862 ex
1327 819 1385 864 no-

428 903 516 968 mine
531 902 666 982 vocavit,
681 901 884 967 comminans
903 910 937 966 et
956 907 1141 986 protestans
1158 899 1288 985 publice
1303 923 1338 966 se
1351 901 1386 964 in

428 1026 487 1070 nos
502 1005 845 1070 excommunicationis
859 1005 964 1069 latum
985 1005 1033 1070 ire
1055 992 1261 1083 sententiam,
1277 1005 1385 1068 sinon

428 1109 464 1173 in
481 1107 595 1172 Galliis
611 1129 678 1172 suae
693 1129 790 1192 quam
805 1107 902 1172 citius
917 1107 1103 1172 assistamm
1117 1108 1305 1191 presentiae.
1344 1108 1387 1170 In

429 1233 493 1296 quo
514 1211 590 1296 quio
609 1233 661 1276 mc
682 1211 875 1294 praegravari
894 1210 1009 1290 sentio,
1025 1211 1176 1276 adversus
1196 1212 1258 1275 hoc
1277 1210 1321 1274 ad
1339 1229 1388 1273 se-

436 1314 510 1379 dem
531 1312 737 1397 apostolicam
756 1312 883 1396 publice
899 1314 968 1397 jam
989 1313 1153 1397 appellavi,
1170 1313 1257 1396 quod
1276 1320 1310 1377 et
1332 1333 1389 1396 per

434 1417 544 1481 literas
575 1423 608 1481 et
638 1435 695 1500 per
720 1416 878 1480 nuncium
903 1437 1008 1478 unum
1033 1413 1180 1478 videlicet
1202 1435 1242 1477 ex
1265 1408 1411 1477 clericis*

435 1520 516 1584 meis
534 1519 678 1604 proximo
694 1519 746 1582 dic
761 1518 899 1582 Veneris
912 1518 1048 1601 juvante
1068 1517 1139 1581 Deo
1158 1516 1389 1601 profeconum,

435 1623 576 1691 Domino
607 1621 836 1687 cantuariensi
864 1621 1058 1686 denuntiare
1086 1621 1238 1705 disposui.
1285 1623 1390 1704 Super

434 1747 507 1809 quae
530 1733 669 1790 vestram
693 1745 821 1808 quoque
844 1724 1050 1788 dilectionem
1072 1725 1248 1788 certificare
1270 1723 1389 1801 curavi,

433 1837 472 1893 ut
493 1829 519 1892 si
540 1828 684 1914 ejusdem
704 1827 811 1911 placet
829 1827 880 1890 uti
899 1827 1051 1905 consiliis,
1067 1827 1182 1911 aliquis
1201 1828 1391 1891 clericorum

435 1939 614 1996 vestrorum
634 1931 750 1994 missus
770 1952 791 1994 a
809 1929 910 1994 latera
929 1937 1035 1994 vestro
1055 1931 1151 1994 simu]
1173 1930 1237 1993 iter
1259 1929 1391 2012 arripiat

435 2040 473 2096 ut
497 2033 620 2095 mutuis
645 2033 694 2096 uti
718 2032 858 2096 consiiiis
884 2040 917 2096 et
943 2032 1095 2096 socictate
1124 2037 1240 2095 mutua
1267 2030 1392 2113 possint

437 2133 604 2199 consolari.
651 2133 686 2198 Si
711 2134 788 2216 quid
812 2134 931 2198 certius
956 2135 1122 2218 accepistis
1146 2154 1241 2216 super
1262 2132 1323 2195 hac
1346 2151 1390 2208 re,

437 2235 617 2320 significare
633 2235 725 2300 nobis
741 2235 769 2299 si
782 2236 898 2320 placet,
914 2236 1000 2319 apud
1015 2236 1229 2313 Londoniam,
1244 2234 1301 2297 ubi
1323 2255 1391 2297 mo·

436 2361 507 2402 ram
529 2340 632 2404 facere
655 2339 795 2423 disposui
821 2361 841 2403 a
863 2351 955 2403 sexta
977 2339 1058 2402 feria
1080 2338 1247 2422 praesentis
1269 2335 1391 2400 hebdo-

438 2442 542 2507 madae
561 2463 661 2526 usque
682 2441 722 2506 od
743 2447 893 2526 quartam
913 2442 1026 2506 feriam
1047 2442 1235 2525 septimanae
1256 2460 1392 2525 sequen-

437 2545 489 2609 tis.
521 2545 612 2608 Vale.

575 2961 796 3037 EPISTOLA
820 2960 1091 3025 oculu-sn
1108 2981 1262 3024 nonusis.

447 3113 518 3198 [G.]
553 3115 615 3178 Dei
640 3114 749 3194 qratia
777 3113 1002 3176 macomus
1037 3113 1196 3192 episcopas
1228 3110 1396 3175 amabili

476 3215 581 3298 fratri
594 3217 626 3278 J.
643 3214 866 3278 Salesoeriemi
886 3215 993 3278 eodem
1011 3215 1121 3296 pratia
1141 3215 1291 3296 episcopo,
1312 3215 1396 3277 oola·

487 3327 547 3384 tem
562 3339 627 3404 quc
641 3340 722 3382 nanc
735 3325 791 3397 est,
806 3324 838 3381 ct
851 3339 943 3400 qucum
956 3337 1116 3399 speramus
1130 3339 1150 3380 a
1164 3318 1307 3382 Domino.

488 3469 659 3534 Quouisu
672 3469 707 3532 iu
718 3468 852 3532 ccclesia
865 3469 959 3550 regni
973 3468 1072 3551 hujus
1088 3466 1166 3530 vitia
1178 3467 1351 3551 pullulant,
1363 3473 1396 3530 et

444 3573 479 3635 in
499 3572 592 3634 vinea
616 3571 749 3635 Domini
770 3578 934 3634 sarmenta
956 3577 1172 3649 succrescunt,
1192 3570 1396 3634 consultioris

444 3673 526 3737 falce
533 3671 647 3754 judicii
659 3672 861 3751 succidenda,
868 3673 972 3736 visum
981 3679 1031 3736 cst
1042 3673 1127 3755 patri
1138 3680 1249 3737 nostro
1258 3671 1398 3736 Ricardo

446 3773 673 3839 Cantuariensi
692 3773 757 3838 Dei
778 3775 882 3857 gratia
902 3775 1059 3858 episcopo,
1075 3775 1176 3839 totius
1192 3775 1320 3857 Angliae
1333 3775 1398 3859 pri-

446 3878 536 3955 mati,
552 3883 585 3941 et
606 3876 689 3942 sedis
709 3877 891 3961 apostolicae
906 3878 1023 3960 legato,
1038 3877 1217 3940 secundum
1232 3877 1398 3959 antiquam

446 3985 576 4064 patrum
600 3978 878 4056 consuetudinem,
897 3979 1013 4042 fratres
1036 3986 1070 4042 et
1094 3979 1295 4062 coepiscopos
1314 4000 1399 4058 suos,

448 4088 481 4145 et
497 4079 574 4146 alios
590 4079 792 4144 ecclesiarum
810 4079 958 4162 praelatos
972 4079 1014 4144 ad
1028 4081 1201 4146 concilium
1215 4102 1399 4162 convocare,

448 4189 486 4247 ut
516 4203 590 4268 quoe
618 4179 807 4262 corrigenda
841 4180 972 4261 fuerint,
1002 4183 1233 4248 communicati
1264 4205 1400 4248 censura

449 4269 583 4363 consilii,
603 4282 653 4346 vel
674 4285 807 4346 omnino
829 4283 1036 4364 damnentur,
1055 4286 1106 4349 vei
1127 4287 1163 4348 in
1184 4287 1310 4365 melius,
1334 4287 1399 4350 Do-
