3225 5192
389 674 451 739 170
699 692 1015 739 omnnarrarrsoorr

384 806 451 870 fere
475 826 546 871 sera
563 807 599 870 in
619 805 721 872 fundo
740 808 937 891 parsimonia
954 816 1015 889 est,
1030 808 1094 873 nisi
1110 810 1196 894 quod
1210 813 1339 897 expedit

387 908 537 993 equidem
563 916 597 973 et
620 930 750 975 necesse
775 918 825 975 est
850 918 889 975 ut
918 918 952 976 et
980 913 1121 997 corporis
1149 914 1339 997 fatigatione

384 1013 586 1097 aliquantula
607 1020 770 1097 torporem
793 1015 933 1079 redimas
958 1023 1065 1095 tuum,
1087 1024 1121 1081 et
1144 1018 1230 1100 quod
1250 1027 1338 1083 retro

382 1116 492 1180 minus
521 1123 631 1181 actum
661 1124 710 1182 est
739 1124 892 1182 exerente
921 1140 955 1183 se
981 1126 1015 1184 et
1043 1120 1182 1203 seipsam
1207 1128 1338 1186 strenue

383 1226 551 1283 exercente
566 1218 666 1283 animi
680 1219 800 1285 virtute
814 1222 970 1304 perficias.
1011 1222 1087 1287 Qua
1105 1222 1142 1285 in
1155 1244 1192 1285 re
1205 1244 1274 1288 non
1287 1231 1337 1288 est

383 1321 470 1404 quod
484 1322 577 1386 triste
592 1329 751 1405 reputem.
782 1322 837 1387 Ad
850 1330 980 1407 tempus
995 1324 1082 1387 enim
1098 1347 1118 1388 a
1132 1326 1225 1409 regni
1238 1326 1336 1411 hujus

381 1431 575 1508 tempestate
590 1432 742 1504 semotus,
754 1425 897 1491 donante
909 1427 1052 1493 Domino
1064 1429 1210 1511 quietum
1224 1450 1335 1514 carpes

380 1530 444 1593 iter
458 1537 493 1593 et
507 1528 678 1613 placidum,
689 1536 722 1594 et
738 1531 896 1594 vinctum
910 1529 1013 1595 fultus
1028 1531 1231 1596 adminiculis
1246 1556 1333 1597 sum-

380 1631 427 1695 mi
443 1629 604 1714 pontificis
619 1630 735 1695 faeiem
750 1632 873 1697 videbis
892 1632 1084 1716 intrepidus,
1100 1642 1134 1698 et
1148 1642 1335 1701 senatorum

380 1734 477 1799 euriae
498 1734 612 1817 utique
630 1735 789 1817 gratiosus
808 1735 947 1800 assistes.
991 1736 1064 1801 Nec
1083 1744 1118 1800 te
1136 1747 1262 1803 moveat
1277 1740 1332 1803 ad-

379 1836 510 1901 versarii
523 1837 573 1900 tui
588 1837 623 1900 in
637 1835 782 1920 publicas
796 1838 923 1921 jamdiu
938 1839 1170 1921 gratulationes
1185 1848 1334 1926 suscepta

378 1940 485 2006 facies.
510 1939 594 2005 Inde
609 1942 696 2004 enim
712 1962 801 2025 spem
812 1940 968 2024 concipio,
980 1941 1068 2005 unde
1079 1941 1334 2025 desperationem

378 2049 487 2113 forsan
502 2049 619 2133 aliquis
637 2050 864 2113 comminatur.
909 2047 998 2111 Nam
1013 2048 1040 2111 si
1057 2046 1142 2111 bene
1161 2048 1333 2132 morigera-

376 2158 431 2217 tus
452 2157 485 2216 et
505 2152 653 2217 literatus
671 2152 800 2236 juvenis
823 2152 911 2216 inter
933 2150 1010 2215 deos
1032 2150 1137 2215 audiri
1155 2153 1286 2231 meruit,
1299 2159 1333 2217 et

376 2257 512 2340 placere,
529 2256 607 2340 quid
626 2277 693 2320 non
707 2255 816 2319 minus
831 2261 946 2319 ornato
964 2254 1118 2333 moribus,
1134 2262 1192 2318 aut
1205 2256 1332 2320 munito

375 2359 477 2423 literis
498 2358 646 2442 episcopo
670 2357 839 2422 subtrahet
859 2357 1008 2441 gratiam,
1024 2356 1103 2440 quin
1122 2364 1156 2422 et
1173 2358 1242 2441 ipse
1261 2359 1331 2441 qui·

376 2462 450 2527 dem
480 2460 592 2525 ordine
621 2461 718 2544 longe
744 2459 921 2539 sublimior,
945 2460 1141 2544 fortunaque
1169 2461 1331 2544 potentior

374 2565 462 2629 inter
478 2564 580 2629 bonos
603 2562 664 2628 sibi
685 2562 786 2647 possit
809 2564 947 2646 gratiam
969 2562 1151 2627 collocare?
1195 2564 1330 2628 Parora-

373 2668 448 2733 bilis
463 2668 550 2733 enim
564 2688 639 2731 reus
653 2688 721 2731 non
742 2666 782 2730 de
804 2666 893 2730 lucro
905 2664 1066 2748 captando
1083 2666 1142 2729 sed
1156 2665 1197 2730 de
1212 2664 1330 2731 damno

374 2770 526 2836 evitando
555 2770 732 2835 contendis
784 2768 881 2835 Quod
906 2775 983 2833 ante
1013 2774 1178 2852 susceptas
1206 2767 1330 2833 domini

372 2896 464 2959 papae
478 2874 588 2938 literas
599 2872 634 2937 in
645 2892 818 2957 personam
828 2871 975 2936 omnium
982 2871 1170 2936 testimonio
1180 2870 1329 2936 idoneam

371 2976 586 3061 procuratoris
606 2975 763 3041 beneficio
778 2975 954 3053 contulisti,
969 2981 1078 3039 ratum
1099 2996 1230 3039 manere
1248 2974 1329 3039 desi·

372 3080 475 3145 daras.
520 3078 607 3143 Novi
628 3080 788 3163 templum
810 3078 891 3142 illud
909 3078 1055 3163 justitiae,
1072 3084 1187 3161 pectus
1208 3078 1328 3143 seilicet

371 3182 592 3267 apostolicum,
605 3182 693 3245 unde
707 3182 749 3246 ad
761 3203 874 3247 omnes
884 3188 1017 3245 emanat
1030 3180 1174 3265 aequitas,
1184 3180 1327 3245 modeste

370 3286 480 3351 omnia
494 3286 687 3369 dispensare.
734 3286 800 3353 Qui
822 3286 929 3370 potuit
951 3285 1044 3350 alteri
1069 3284 1154 3369 quod
1175 3286 1226 3349 tui
1243 3285 1326 3369 juris

370 3397 419 3456 est
442 3411 509 3455 non
532 3410 653 3474 negare
674 3389 822 3474 impensa
843 3390 905 3454 sibi
922 3390 1105 3454 reverentia
1125 3390 1236 3455 debita
1257 3410 1325 3454 non

369 3494 480 3577 magni
502 3492 632 3578 quidem
654 3493 839 3572 amabit,
854 3494 915 3559 tibi
937 3492 1024 3577 quod
1045 3500 1141 3557 tuum
1162 3500 1213 3557 est
1231 3494 1325 3557 resti-

368 3604 472 3662 tuere.
519 3598 667 3662 Honesta
681 3602 714 3661 et
729 3598 824 3661 utilia
837 3597 898 3661 tibi
911 3596 1123 3681 providentur
1137 3619 1157 3661 a
1171 3597 1324 3677 Domino,

368 3708 402 3765 et
424 3700 511 3783 quod
532 3700 566 3763 in
589 3701 820 3765 contumeliam
843 3701 1015 3765 adversarii
1037 3700 1100 3764 tibi
1118 3700 1324 3765 machinatur
1397 3749 1403 3758 .

367 3803 567 3887 improbitas,
578 3804 791 3868 commutabit
805 3804 840 3867 in
855 3804 991 3888 gloriam
1006 3804 1167 3869 bonorum
1178 3804 1324 3869 oratione

367 3908 541 3992 propitiata
556 3908 716 3972 divinitas.
762 3909 820 3972 Me
835 3930 910 3972 sero
925 3908 1123 3992 adpraesens
1138 3908 1218 3972 adeo
1232 3908 1321 3972 ducis

365 4012 632 4076 Normannorum
654 4012 811 4095 oppressit
826 4012 992 4090 adventus,
1017 4020 1056 4076 ut
1081 4011 1123 4075 ad
1147 4012 1211 4076 iter
1232 4010 1320 4076 istud

365 4114 501 4179 facultas
530 4135 598 4178 non
628 4121 787 4198 suppetat,
812 4115 874 4178 etsi
899 4115 1048 4178 voluntas
1078 4113 1160 4177 illud
1189 4115 1322 4179 omnino

365 4218 508 4283 suadeat.
554 4217 623 4283 Ibis
645 4238 721 4301 ergo
744 4218 813 4282 sine
832 4240 885 4282 me
905 4218 1022 4282 animae
1043 4217 1214 4281 dimidium
1228 4240 1319 4297 meae,

365 4330 398 4386 et
422 4321 576 4405 qualitate
603 4320 652 4385 sui
679 4342 776 4405 quam
801 4322 974 4405 praeferent
1000 4338 1193 4405 suspensum
1218 4322 1260 4386 ad
1284 4330 1318 4385 te
