3225 5192
378 685 443 746 244
690 700 852 743 omnam
868 700 1019 745 srsscors

374 820 543 904 jusseritis,
564 818 754 903 obsequium
776 818 890 902 utique
911 818 1188 902 promptissimum
1208 818 1332 882 inveni-

378 923 448 988 etis.
494 922 668 987 Conservet
697 943 753 986 vos
779 921 974 985 incolumem
999 922 1036 984 in
1061 922 1160 1004 longa
1187 928 1333 1004 tempora

379 1024 550 1104 Dominus,
565 1025 601 1087 in
617 1024 747 1089 Christo
762 1024 969 1088 dilectissime
984 1031 1084 1107 pater.

483 1342 704 1409 EPIS'POLA
727 1343 1002 1407 cmxxvi-in
1018 1362 1230 1405 ermemirum

630 1466 824 1510 parmaensi
841 1465 1079 1509 cenomanen.

387 1596 560 1660 Venerabili
582 1596 703 1659 domino
725 1602 756 1659 ct
777 1598 876 1659 amico
896 1597 943 1659 W.
963 1597 1113 1677 Pupieni
1134 1600 1250 1658 coacto
1270 1596 1331 1657 Ro-

423 1720 522 1762 monoe
544 1700 678 1763 ecclesiia
703 1700 859 1762 cardinali
883 1699 945 1761 sibi
969 1700 1141 1776 comasimo,
1158 1696 1270 1778 frater
1294 1699 1332 1761 G.

423 1803 646 1865 madeniensis
674 1804 808 1866 ecclesie
837 1803 987 1880 canister,
1017 1803 1148 1865 salutem
1177 1806 1208 1863 et
1237 1802 1333 1864 debiti

424 1926 533 1969 monus
547 1906 692 1988 obsequii.

424 2055 622 2118 Vasconum
639 2056 731 2119 focile
750 2056 865 2119 suadet
884 2056 1039 2139 paucitas,
1055 2076 1156 2138 quum
1176 2054 1219 2117 ad
1238 2074 1333 2117 exau-

380 2156 535 2220 diendum
556 2178 658 2240 prona
679 2164 729 2221 est
750 2158 862 2241 ipsius,
880 2158 923 2221 ad
942 2179 1039 2241 quem
1058 2156 1211 2221 scribitur
1232 2157 1335 2220 amica

379 2259 574 2342 benignitas.
621 2260 718 2326 Quod
738 2261 815 2344 quia
829 2262 870 2325 de
884 2268 990 2325 vestra
1004 2260 1188 2324 sinceritate
1203 2260 1334 2324 confidi·

380 2383 464 2440 mus,
486 2363 596 2445 paucis
618 2364 795 2446 negotium,
819 2363 941 2447 inquo
962 2363 1056 2427 nobis
1078 2385 1098 2426 a
1118 2362 1336 2427 benivolentia

380 2472 486 2529 vestra
500 2464 664 2529 subveniri
678 2467 829 2550 petimus,
845 2467 1016 2550 aperimus.
1061 2466 1260 2530 Mandatum
1279 2466 1333 2529 do-

380 2568 462 2632 mini
483 2590 574 2653 papoe
597 2570 804 2653 suscepimus,
821 2569 975 2653 quatinus
990 2570 1167 2652 Hugonem
1183 2569 1334 2633 comitem

382 2671 422 2735 de
437 2672 624 2737 Norfolohia
639 2673 783 2737 districte
799 2673 1052 2752 conveniremus,
1069 2682 1102 2737 et
1122 2673 1185 2736 nisi
1205 2672 1335 2736 canoni·

382 2775 427 2838 eis
450 2774 490 2839 de
513 2776 691 2839 Panteneia
710 2776 818 2839 villam
837 2777 941 2859 ipsam
961 2776 1001 2838 de
1024 2775 1262 2853 Panteneia'et
1276 2796 1335 2838 cae·

381 2884 452 2941 tera
475 2900 546 2961 quae
572 2879 632 2943 sibi
659 2878 767 2943 ablata
787 2886 977 2962 queruntur,
1001 2878 1186 2942 admonitus
1207 2877 1335 2941 restitu-

379 2990 457 3059 eret,
472 2982 587 3065 ipsum,
599 2990 632 3045 et
646 2988 750 3046 totam
765 2989 886 3046 terram
900 3004 993 3045 suam
1006 2981 1180 3045 interdicto
1194 2981 1330 3065 subjice-

382 3104 499 3162 remus,
515 3090 548 3147 et
568 3084 631 3148 nisi
650 3084 701 3148 vel
721 3085 767 3148 sic
786 3084 872 3148 infra
887 3085 1102 3168 quadraginta
1121 3084 1190 3148 dies
1209 3084 1335 3167 resipis-

382 3192 479 3263 ceret,
510 3206 584 3249 eum
615 3187 954 3251 excommunicationis
986 3187 1143 3250 innodare
1176 3185 1337 3251 sententia

382 3309 449 3351 non
465 3288 676 3353 differremus.
718 3291 762 3353 In
775 3292 838 3355 hoc
852 3312 924 3354 vero
938 3290 1032 3354 nobis
1046 3290 1136 3372 regia
1150 3311 1184 3354 se
1199 3290 1336 3373 graviter

383 3392 515 3474 opponit
539 3394 723 3473 auctoritas,
748 3416 892 3459 asserens
918 3393 959 3457 ad
985 3414 1147 3456 summam
1169 3393 1262 3476 regni
1287 3391 1337 3455 sui

384 3502 527 3577 spectare
549 3496 751 3580 dignitatem,
767 3493 1044 3579 ut'dum'ouique
1066 3496 1218 3559 adversus
1240 3494 1337 3559 oomi·

383 3602 451 3659 tem
465 3596 513 3660 vel
534 3596 688 3663 baronem
705 3620 800 3662 suum
816 3619 912 3681 snper
926 3598 1020 3663 terris
1036 3604 1092 3661 aut
1106 3597 1210 3660 feudis
1226 3617 1337 3680 quere-

383 3699 447 3763 lem
471 3699 614 3778 habenti,
639 3702 769 3785 plenam
791 3707 923 3784 paratus
946 3701 1045 3765 fuerit
1070 3699 1221 3765 exhibere
1243 3700 1337 3783 justi-

384 3802 473 3881 tiam,
488 3803 596 3886 ipsum
610 3824 670 3866 neo
685 3803 953 3887 archiepiscopus,
969 3826 1029 3867 neo
1043 3804 1159 3886 aliquis
1176 3802 1269 3885 regni
1288 3801 1338 3864 sui

383 3905 548 3988 episcopus
571 3912 628 3968 aut
649 3905 823 3969 interdicto
845 3912 981 3989 premat,
1005 3914 1062 3969 aut
1084 3904 1337 3969 excommunica-

382 4007 465 4071 tioni
495 4006 653 4091 subjiciat.
701 4006 796 4071 Hanc
826 4009 1072 4091 praedecessores
1102 4030 1177 4071 suos
1206 4028 1339 4071 assensu

385 4111 604 4174 Romanorum
619 4110 809 4193 pontificum
826 4132 928 4194 usque
948 4131 1037 4173 nunc
1057 4109 1237 4174 obtinuisse
1257 4110 1339 4172 affir-

385 4222 464 4290 mat,
479 4221 513 4276 et
534 4235 592 4277 nos
612 4234 724 4277 omnes
744 4214 836 4296 regui
856 4215 906 4277 sui
926 4214 1091 4297 episcopos
1113 4214 1147 4276 id
1170 4212 1231 4276 sibi
1251 4213 1340 4295 jura-

385 4323 497 4378 mento
517 4317 660 4380 firmasse
681 4318 922 4394 commemorat,
944 4317 1076 4401 exigens
1096 4324 1134 4379 ut
1154 4312 1343 4396 antiquitati
