3225 5192
400 691 464 758 176
712 706 874 752 ornanum
891 704 1042 750 urrscorr

399 847 512 893 omues
531 826 600 904 hos,
615 825 703 891 velut
723 846 742 889 e
762 824 901 908 quadam
920 820 1054 886 rationis
1075 827 1109 885 et
1129 820 1355 905 intelligentiae

400 928 571 1013 superioris
600 936 669 993 arte
698 928 848 1011 despicio.
903 927 981 991 Non
1006 924 1094 989 enim
1120 945 1218 1008 quam
1243 925 1356 988 multis

401 1032 595 1117 displiceam,
611 1030 666 1095 sed
682 1029 830 1113 qualibus
850 1027 994 1093 attendo.
1039 1028 1107 1091 Vos
1128 1048 1254 1110 quoque
1274 1027 1355 1089 diffi-

400 1135 495 1202 cilem
503 1134 622 1200 habere
633 1133 704 1198 volo
714 1154 826 1197 aurem
840 1132 881 1196 ad
892 1131 1042 1195 crimina:
1062 1130 1116 1195 Ad
1131 1130 1356 1213 poenitendum

401 1245 550 1323 properat
565 1238 629 1302 cito
644 1236 699 1320 qui
710 1236 845 1320 judicat.
890 1234 926 1297 Si
941 1234 1049 1298 minus
1064 1255 1162 1316 quam
1177 1232 1355 1316 oportuerit

402 1341 464 1425 egi,
491 1338 518 1405 si
543 1339 673 1419 excessi,
697 1338 758 1423 ipsi
779 1338 934 1422 judicate,
957 1337 1020 1421 ipsi
1046 1356 1154 1419 quaeso
1183 1335 1354 1399 decernite.

404 1444 515 1511 Quum
536 1441 682 1527 pervenit
704 1442 746 1506 sd
769 1463 830 1520 me,
849 1441 1000 1505 comitem
1016 1438 1217 1503 Herefordiae
1237 1437 1356 1501 milites

329 1613 334 1624 ,
403 1556 522 1611 vestros
536 1547 572 1611 in
586 1545 719 1611 ecclesia
732 1543 962 1610 Eveslssmensi
977 1543 1108 1628 cepisse,
1122 1540 1290 1625 sperabam
1303 1561 1356 1605 me

403 1650 638 1734 Wigorniensis
668 1648 807 1713 ecclesiae
836 1647 988 1711 vicarium
1018 1652 1052 1710 et
1081 1651 1230 1709 nostrum
1262 1665 1358 1727 super

403 1749 472 1813 haec
498 1748 633 1833 spectari
659 1754 692 1812 et
718 1746 896 1831 exspectari
921 1745 1038 1810 debere
1058 1743 1228 1828 judicium.
1274 1742 1357 1807 Inde

403 1860 463 1931 est,
486 1851 572 1935 quod
595 1850 682 1915 diem
704 1848 928 1933 personatibus
951 1848 1061 1925 statui,
1083 1848 1151 1931 ipse
1174 1866 1302 1930 quoque
1322 1845 1358 1909 in

404 1954 520 2032 medio,
535 1966 573 2017 ut
589 1952 766 2037 sperabam,
777 1953 967 2036 cogniturus
981 1958 1015 2013 et
1025 1949 1230 2033 judicaturus
1243 1946 1356 2011 resedi.

406 2056 491 2119 Meis
515 2054 633 2117 ibidem
659 2075 676 2117 e
700 2054 850 2118 manibus
872 2053 1042 2138 judiciaria
1064 2059 1206 2136 potestas
1232 2051 1358 2115 sublata

406 2165 464 2236 est,
481 2162 513 2221 et
528 2156 762 2239 wigorniensis
783 2156 1025 2221 archidiaconus
1046 2154 1281 2239 plenitudinem
1303 2175 1357 2237 po·

406 2260 532 2325 testatis
546 2258 645 2342 hujus
660 2258 740 2323 adeo
755 2258 796 2323 ad
811 2280 846 2323 se
859 2260 1021 2343 pertinere
1035 2265 1232 2343 protestatus
1247 2263 1306 2334 est,
1320 2262 1359 2320 ut

406 2362 492 2426 inter
506 2362 610 2444 ipsum
632 2367 664 2425 et
685 2361 852 2425 dominum
868 2362 1135 2427 cantuariensem
1150 2360 1277 2423 nullum
1291 2379 1359 2422 om-

407 2465 487 2529 nino
511 2464 655 2528 medium
684 2463 880 2543 admitteret,
906 2485 1082 2548 omnesque
1111 2484 1263 2547 personas
1289 2482 1359 2545 quoe

408 2572 633 2643 convenerant,
650 2565 848 2649 conjurando
870 2574 904 2630 et
926 2565 1138 2630 contestando
1158 2588 1180 2630 a
1200 2588 1253 2629 me
1272 2584 1359 2649 pror-

409 2690 463 2735 sus
486 2676 652 2733 averteret.
700 2667 753 2733 Sic
773 2669 941 2733 dominum
966 2669 1227 2753 Wigorniensem
1246 2668 1283 2732 in
1302 2688 1359 2731 suo

409 2772 549 2837 discessu
565 2772 724 2851 statuisse,
741 2774 786 2836 sic
797 2772 894 2857 plena
904 2773 1096 2837 auctoritate
1110 2773 1262 2851 sanxmse,
1277 2770 1358 2834 mul-

408 2882 517 2941 torum
530 2876 716 2942 testimonio
731 2875 920 2940 affirmabat.
966 2876 1054 2942 Quid
1073 2876 1155 2939 mihi
1168 2875 1256 2940 inter
1268 2872 1360 2938 haec?

408 2980 467 3045 Me
490 2980 551 3045 sibi
572 2980 608 3045 in
627 2978 811 3064 judicandis
830 2977 972 3043 ecclesias
991 2979 1095 3043 causis
1117 2978 1261 3042 inferiori
1283 2997 1359 3061 quo-

409 3082 484 3146 dam
500 3081 601 3165 gradu
617 3080 798 3145 inferiorem
815 3080 1005 3144 submittere
1020 3080 1206 3164 episcopalis
1221 3078 1361 3163 dignitas

408 3206 475 3249 non
490 3184 624 3247 ferebat.
666 3184 741 3247 Pari
755 3205 830 3248 vero
845 3190 901 3247 aut
917 3184 1072 3266 superiori
1087 3184 1262 3248 consistere
1276 3204 1362 3246 com-

408 3286 505 3349 missa
520 3284 579 3348 sibi
594 3292 736 3369 potestas
754 3292 787 3350 et
810 3288 913 3370 gloria
930 3308 998 3350 non
1013 3286 1150 3351 sinebat.
1194 3286 1361 3351 Damnum

408 3396 550 3453 vestrum
573 3397 605 3453 et
627 3390 769 3453 militum
792 3396 971 3453 vestrorum
994 3390 1034 3453 R.
1057 3390 1234 3470 advertitis,
1257 3391 1314 3455 sed
1334 3389 1362 3455 si

408 3490 490 3557 mihi
514 3490 689 3573 praedictus
720 3490 963 3556 archidiaconus
993 3492 1029 3557 in
1056 3493 1171 3557 faciem
1201 3494 1361 3578 conspuit,

407 3594 489 3657 illud
505 3593 601 3677 plane
620 3593 794 3675 negligitis.
835 3594 857 3657 J
858 3616 910 3657 am
926 3594 1083 3679 judicate,
1099 3597 1168 3680 jam
1188 3596 1361 3676 decernite,

409 3696 486 3781 quid
510 3696 589 3759 mihi
615 3695 777 3779 agendum
804 3700 992 3780 supererat?
1037 3700 1208 3783 Numquid
1233 3699 1269 3763 in
1293 3700 1363 3783 ipsa

408 3801 541 3864 ecclesia
559 3799 735 3883 judicandi,
752 3822 824 3883 quse
842 3822 903 3865 nec
922 3823 975 3866 me
991 3802 1135 3885 judicem
1157 3803 1360 3885 agnoscebat,

408 3924 469 3968 nec
498 3902 578 3967 mihi
608 3924 719 3967 causas
745 3902 937 3986 judicandas
966 3906 1214 3969 committebat?
1259 3904 1363 3988 Culpa

409 4006 525 4091 quippe
547 4012 596 4069 est
616 4006 790 4069 immisceri
808 4008 939 4090 negotio
957 4007 1000 4071 ad
1022 4030 1056 4071 se
1079 4030 1148 4072 non
1172 4007 1361 4091 pertinenti.

410 4112 475 4175 Sed
497 4111 551 4173 hic
568 4110 712 4173 fortassis
727 4110 868 4193 objicies,
884 4110 1036 4195 quicquid
1051 4111 1295 4187 archidiaconus
1309 4112 1363 4174 ille

408 4214 628 4299 proclamaret,
652 4212 888 4295 Wigomiensis
919 4222 1029 4278 tamen
1058 4214 1200 4279 ecclesias
1229 4213 1364 4277 vicarius

408 4339 488 4396 eras,
500 4323 533 4382 et
545 4316 571 4381 si
587 4315 664 4400 quid
679 4315 863 4382 inordinate
873 4317 914 4382 ab
925 4317 995 4401 ipso
1005 4317 1104 4383 etiam
1118 4316 1364 4401 pronuntiatum
