3225 5192
393 645 461 708 844
708 657 866 704 omnnem
881 659 1026 704 srrseorr

395 799 447 842 sos
470 783 559 842 oreta
580 775 776 842 consulimus
795 774 943 838 custodia
961 773 1112 853 cohiberi,
1128 781 1162 838 et
1183 794 1227 836 ne
1247 774 1352 856 pietas

394 876 479 945 desit
498 877 610 955 officio,
626 897 683 960 per
703 877 904 942 honestiores
923 883 957 941 et
977 876 1203 960 prudentiores
1220 877 1353 940 elericos

397 988 516 1044 vestros
532 979 653 1042 visitari
674 979 801 1062 saepius,
817 986 851 1042 et
872 986 911 1042 ιιι
933 978 976 1042 ad
997 977 1224 1060 poenitentiam
1246 985 1280 1042 et
1301 999 1352 1041 ec-

397 1082 500 1146 clesiae
522 1079 683 1144 unitatem
705 1087 857 1145 revocent
879 1080 1014 1157 animos,
1033 1087 1067 1144 et
1088 1080 1186 1144 corda
1207 1101 1353 1144 commu·

397 1191 479 1261 tent,
496 1182 681 1266 diligentius
702 1182 878 1246 admoneri.
923 1183 983 1246 Est
1002 1203 1107 1246 sermo
1130 1182 1192 1246 Dei
1211 1182 1301 1246 vivus
1319 1189 1354 1246 et

399 1287 519 1363 efficax,
546 1284 602 1369 qui
627 1305 684 1367 per
709 1283 860 1348 idoneum
887 1285 1140 1350 ministratorem
1166 1286 1232 1348 cito
1258 1285 1354 1348 vertit

399 1388 636 1472 imperiumst
660 1387 794 1450 ssucitat
818 1386 893 1450 ilico
913 1393 1124 1470 peecatorem.
1170 1385 1257 1451 Quin
1279 1409 1354 1452 vero

400 1496 611 1573 corrumpunt
636 1509 740 1552 mores
765 1488 868 1555 bonos
894 1489 1054 1575 colloquia
1078 1511 1185 1574 prava,
1209 1511 1355 1554 seorsum

400 1594 603 1658 constituatis
633 1592 786 1674 singulos,
811 1613 855 1657 ne
884 1593 913 1656 si
940 1593 1079 1657 invicem
1107 1593 1169 1657 sibi
1197 1594 1355 1658 misceant

401 1695 506 1773 verba,
522 1695 707 1758 animentur
729 1694 765 1758 iu
786 1694 974 1778 pertinacia,
994 1704 1027 1759 et
1047 1703 1202 1778 respuant
1221 1695 1356 1760 consilia

307 1794 315 1809 '
401 1819 491 1862 sana.
534 1796 631 1862 Quod
651 1796 679 1860 si
698 1817 758 1861 neo
779 1797 905 1861 vexatio
925 1804 1038 1860 sancta
1056 1819 1117 1861 nec
1138 1798 1190 1881 pie
1212 1797 1356 1862 exhibita

402 1899 609 1964 commonitio
642 1899 766 1964 dederit
803 1899 1005 1964 intellectum
1037 1899 1174 1979 auditui,
1206 1901 1355 1988 quaestio·

402 2023 477 2068 nem
501 2003 584 2068 hanc
611 2001 758 2065 ultimam
785 2002 825 2065 de
850 2022 957 2086 poeno,
981 2025 1024 2066 an
1047 2004 1169 2070 scilieet
1192 2003 1354 2086 plectendi

402 2105 478 2182 sint,
494 2124 594 2186 queve
616 2124 713 2187 poena
734 2104 906 2187 plectendi,
922 2126 987 2187 quo
1002 2106 1100 2169 etiam
1119 2105 1290 2189 judicante
1303 2106 1354 2170 vel

402 2227 455 2270 eos
475 2205 517 2268 ad
535 2225 664 2288 poenam
680 2205 830 2270 tradente
844 2207 1002 2290 puniendi
1017 2208 1093 2286 sint,
1108 2209 1273 2272 communi
1290 2208 1353 2272 fra-

401 2316 489 2370 trum
507 2315 691 2370 nostrorum
712 2315 744 2370 et
764 2309 1025 2392 coepiscoporum
1039 2320 1202 2375 conventu
1216 2312 1353 2374 consuli-

402 2430 474 2473 mus
488 2409 651 2472 reservari.
699 2409 840 2474 Grandis
861 2413 949 2475 enim
969 2413 1038 2477 haec
1058 2415 1192 2497 quaestio
1209 2421 1268 2491 est,
1283 2423 1317 2477 et
1335 2436 1355 2476 a

402 2513 522 2576 sanctis
542 2511 686 2594 patribus
702 2519 735 2576 et
750 2515 892 2579 ccclesiae
907 2515 1091 2583 doctoribus
1106 2539 1173 2580 non
1188 2516 1353 2581 mediocri-

402 2623 454 2678 ter
477 2615 607 2698 agitata,
633 2615 824 2698 quibusdam
850 2618 991 2682 ecclesiae
1016 2619 1299 2683 mansuetudinem
1322 2628 1355 2683 et

403 2716 607 2782 clementium
633 2718 891 2800 predicantibus,
914 2719 1010 2803 juxta
1035 2719 1121 2803 quod
1146 2719 1271 2782 dictum
1296 2728 1355 2796 est,

404 2817 491 2884 ‘Lex
520 2820 700 2884 clementiae
728 2821 763 2884 in
793 2821 907 2904 lingua
930 2823 1021 2905 ejus,'
1045 2829 1079 2886 et
1102 2821 1185 2884 illud
1211 2822 1356 2898 Domini,

404 2921 496 2986 ‘Nec
516 2943 576 3004 ego
596 2931 629 2986 te
650 2923 871 2988 condemnabo
880 2925 901 3001 3’
927 2925 1007 3002 aliis,
1029 2945 1072 2987 ne
1093 2925 1190 2988 multi
1211 2932 1357 3007 pereant,

403 3024 438 3087 in
467 3025 582 3089 talium
611 3045 739 3108 poenam
770 3026 875 3089 sancti
902 3025 1113 3109 proculdubio
1145 3027 1206 3090 aeli
1235 3028 1357 3110 pietate

403 3126 610 3192 ferventibus.
657 3129 703 3192 Hi
725 3129 828 3192 lilium
852 3129 1046 3193 freneticum
1068 3129 1204 3193 vinculis
1229 3137 1356 3194 motan-

405 3228 492 3306 dum,
508 3229 617 3312 sicque
631 3231 877 3295 custodiendum
891 3240 1154 3297 commemorant.
1188 3232 1255 3296 Alii
1269 3232 1357 3315 quod

404 3334 439 3396 in
459 3332 647 3414 religionem
667 3334 811 3398 divinem
829 3334 1054 3413 committitur,
1069 3335 1105 3398 in
1119 3334 1266 3398 omnium
1280 3336 1358 3400 ferri

405 3436 556 3518 injuriam
598 3445 822 3520 protestantes,
859 3439 895 3502 in
937 3439 1058 3502 crimen
1095 3439 1158 3502 hoc
1191 3439 1358 3523 publicum

405 3537 509 3619 legem
536 3539 658 3602 duliam
688 3541 866 3624 mejestatis
890 3541 1066 3605 intentant.
1111 3542 1179 3605 Alii
1203 3543 1358 3626 exemplis

402 3638 585 3722 judicantes
603 3639 797 3723 hujusmodi,
815 3645 1004 3708 cremandos
1019 3644 1179 3728 judicant.
1223 3645 1291 3708 Alii
1308 3667 1357 3710 se-

405 3738 573 3804 veritatem
588 3740 672 3806 hano
685 3742 772 3808 beati
788 3747 966 3828 Augustini
985 3747 1147 3809 sententia
1163 3755 1357 3830 temperant,

407 3843 462 3926 qui
482 3844 670 3908 Donatistae
689 3867 756 3910 non
775 3847 924 3925 interfici,
946 3848 1003 3914 sed
1022 3848 1157 3931 flagellis
1181 3857 1214 3913 et
1237 3851 1357 3934 suppli-

406 3947 463 4009 ciis
478 3954 588 4012 exorut
603 3949 777 4012 emendari.
825 3949 921 4013 Unde
937 3950 1012 4033 quia
1027 3939 1181 4033 scriptum
1196 3957 1255 4030 est,
1272 3953 1359 4036 quod

407 4049 467 4114 ‘ad
481 4050 704 4132 penitentium
720 4060 869 4135 properat
884 4054 959 4131 cito,
977 4053 1033 4136 qui
1044 4054 1191 4135 judicat,’
1207 4056 1359 4138 quaestio-

406 4174 480 4216 uem
511 4153 595 4218 hanc
623 4155 787 4218 communi
815 4155 953 4218 fratrum
982 4165 1167 4220 nostrorum
1196 4166 1358 4222 conventu

404 4256 557 4320 reservari
577 4256 782 4336 consulimus,
798 4265 836 4321 ut
858 4259 941 4322 sicut
963 4268 1012 4324 est
1034 4259 1070 4323 in
1091 4281 1193 4342 regno
1214 4260 1285 4340 lioc,
1301 4244 1363 4326 doss
