3225 5192
414 664 479 727 240
518 612 535 663 ⁴.
735 680 893 725 amaeam
907 678 1052 727 artacem
1177 656 1191 680 '⁸

376 860 400 894 ,.
413 800 493 862 fines
508 804 610 877 exeat,
627 797 689 861 nisi
704 820 746 862 an
761 799 862 882 ipsius
878 799 1070 864 auctoritate
1089 804 1124 863 et
1143 796 1300 863 mandato
1315 798 1370 882 jus

389 889 512 967 ¹suum
537 900 684 966 obtimre
711 910 819 985 queat,
848 902 937 985 prius
964 902 1157 987 experiendo
1186 909 1366 985 eognoscat.

416 1004 513 1071 Quod
533 1005 560 1069 si
580 1026 641 1069 nee
660 1004 705 1068 sie
723 1004 911 1083 obtinuerit,
927 1005 969 1069 ad
982 1005 1205 1070 excellentiam
1220 1014 1367 1083 vestram,

413 1108 484 1191 ipso
506 1109 540 1172 in
562 1108 653 1171 nullo
666 1108 875 1186 reclamante,
890 1130 965 1172 cum
979 1109 1064 1173 volet
1079 1109 1216 1192 quilibet
1231 1108 1368 1192 appella-

415 1211 475 1276 bit.
520 1212 563 1275 In
579 1232 644 1295 quo
658 1210 684 1273 ri
695 1210 762 1295 juri
777 1210 828 1275 vel
842 1211 957 1275 honori
971 1220 1078 1277 restro
1091 1212 1320 1296 praejudicatum
1333 1213 1367 1275 in

415 1314 532 1398 aliquo,
548 1315 581 1379 id
597 1336 630 1378 se
645 1315 746 1378 totius
762 1315 904 1379 ecclesiae
919 1316 1012 1398 regni
1030 1316 1081 1381 sui
1098 1316 1232 1381 consilio
1247 1337 1367 1380 corree-

415 1424 528 1483 turum
542 1418 579 1482 in
593 1418 747 1501 proximo,
760 1417 896 1501 juvante
911 1418 1064 1496 Domino,
1078 1418 1259 1501 pollicetur.

460 1522 694 1605 Imperatorem
716 1520 820 1599 illum,
842 1521 904 1585 etsi
927 1520 1169 1586 schismaticum
1192 1520 1327 1599 noverit,
1349 1542 1369 1585 a

415 1624 505 1690 vobis
520 1632 630 1691 tamen
645 1624 959 1690 excommunicatum
978 1646 1048 1689 esse
1066 1646 1170 1709 usque
1189 1626 1286 1689 hodie
1302 1646 1369 1689 non

416 1729 554 1793 rescivit.
599 1727 745 1793 Quodsi
769 1727 1019 1793 denunciatione
1040 1736 1146 1794 vestra
1166 1728 1320 1807 rescierit,
1342 1728 1369 1791 si

416 1834 522 1898 fredus
545 1832 693 1896 illicitum
716 1831 882 1914 cumipse
904 1838 962 1899 ant
982 1832 1206 1915 alioquolibet
1230 1832 1314 1912 iniit,
1336 1839 1369 1895 et

416 1938 478 2001 hoc
502 1938 642 2001 ecclesiae
666 1935 760 2019 regni
785 1936 836 1999 sui
857 1935 979 2019 jndicio
1004 1935 1156 2000 simulet
1178 1936 1312 2001 oonsilio
1336 1956 1370 1999 se

417 2049 636 2106 correcturum
651 2039 821 2123 promittit.

462 2143 592 2208 Patrem
612 2150 761 2207 nostrum
781 2142 950 2206 dominum
965 2142 1233 2207 cantuariensem
1255 2165 1315 2208 sno
1335 2164 1370 2207 se

417 2268 518 2330 regno
533 2267 737 2330 nequaquam
752 2246 911 2329 expulisse
926 2246 1049 2310 asserit.
1094 2246 1193 2310 Unde
1212 2248 1296 2311 sieut
1315 2247 1369 2311 ab·

417 2351 528 2415 acessit
549 2350 727 2427 ultroneus,
751 2348 797 2412 sic
822 2348 864 2413 ad
889 2348 1056 2413 ecclesiam
1081 2370 1183 2426 suam,
1207 2370 1283 2413 cum
1309 2350 1370 2414 sibi

417 2453 536 2518 sederit
556 2452 674 2530 animo,
694 2452 791 2535 plena
810 2472 888 2536 pace
907 2452 1033 2531 reverti,
1053 2452 1116 2515 sibi
1137 2452 1267 2517 libitum
1287 2455 1368 2517 erit:

419 2558 495 2621 dum
511 2564 622 2621 tamen
636 2556 672 2619 in
687 2554 912 2619 satisfaciendo
926 2554 989 2619 sibi
1003 2576 1100 2638 super
1116 2555 1176 2633 his,
1191 2556 1281 2620 unde
1294 2578 1369 2621 con-

418 2660 573 2744 queritur,
589 2659 693 2741 regias
708 2658 779 2737 sibi,
795 2666 828 2723 et
843 2658 878 2721 in
893 2678 973 2741 quas
991 2658 1060 2742 ipse
1074 2659 1203 2742 juratus
1218 2667 1279 2737 est,
1294 2660 1369 2725 velit

418 2764 594 2847 dignitates
606 2763 734 2844 integre
748 2761 938 2826 conservari.

463 2867 498 2931 Si
520 2889 585 2950 qua
605 2887 679 2930 vero
703 2864 835 2929 eeclesia
858 2864 909 2928 vel
932 2863 1146 2929 ecclesiastiea
1169 2886 1306 2948 persona
1328 2866 1368 2931 ab

416 2972 486 3054 ipso
506 2970 556 3034 vel
578 2991 598 3033 a
619 2969 685 3032 suis
707 2989 741 3031 se
764 2975 930 3050 gravatam
951 2968 1139 3045 ostenderit,
1159 2968 1370 3035 satisfactioni

417 3074 521 3157 plenae
535 3072 636 3136 totius
651 3071 791 3135 ecclesiae
801 3069 923 3154 judicio
937 3077 1069 3153 paratus
1083 3071 1155 3135 erit.

464 3174 544 3240 Haec
559 3196 579 3238 a
593 3176 725 3239 domino
736 3183 847 3239 nostro
862 3195 938 3257 rege
952 3175 988 3237 in
1003 3175 1163 3259 responsis
1178 3177 1368 3261 accepimus,
1443 3252 1453 3261 ,

417 3278 474 3364 qui
496 3278 621 3342 utinam
646 3277 687 3342 ed
708 3299 839 3343 omnem
858 3278 1059 3344 voluntatem
1078 3287 1217 3343 vestram
1239 3280 1369 3344 uberius

417 3381 538 3465 aliquid
560 3382 800 3465 accepissemus.
846 3382 969 3445 Eadem
991 3403 1067 3445 sero
1089 3382 1280 3447 sublimitati
1302 3405 1370 3448 ves·

417 3493 476 3548 trae
495 3485 692 3549 notificanda
712 3486 873 3564 duximus,
888 3494 927 3550 ut
948 3507 989 3549 ex
1009 3487 1110 3571 ipsius
1131 3490 1292 3572 responsis
1313 3490 1369 3553 ad·

300 3625 304 3634 ·
416 3594 520 3649 vertat
542 3595 648 3650 vestra
669 3587 828 3666 discretio,
847 3610 912 3673 quo
932 3590 1102 3672 negotium
1123 3590 1184 3655 hoe
1206 3592 1271 3655 fine
1293 3613 1370 3656 eon-

416 3689 536 3752 cludat.
582 3688 721 3752 Causam
742 3710 883 3772 namque
904 3713 997 3755 suam
1019 3692 1170 3757 dominus
1190 3716 1247 3757 rer
1270 3695 1369 3778 pluri-

417 3812 507 3855 mum
529 3790 590 3854 sibi
608 3791 785 3874 justificare
800 3791 936 3867 videtur,
953 3814 1053 3876 quum
1074 3794 1110 3857 in
1132 3796 1370 3880 omnibusque

416 3893 502 3958 dicta
517 3902 604 3973 sunt,
617 3894 757 3958 eeclesias
771 3894 863 3979 regni
878 3896 928 3959 sui
943 3898 1075 3961 consilio
1090 3897 1186 3963 simul
1201 3906 1235 3963 et
1247 3901 1370 3984 judicio

416 4020 450 4062 se
471 3998 662 4081 pariturum,
679 4006 711 4061 et
734 3999 834 4080 patris
855 4000 959 4063 nostri
981 4000 1103 4064 domini
1126 4002 1370 4068 cantuariensis

308 4137 315 4150 ·
414 4102 565 4180 reditum,
584 4100 679 4184 juxta
703 4102 789 4184 quod
810 4102 934 4166 dietum
958 4110 1017 4181 est,
1039 4125 1073 4168 se
1099 4106 1286 4170 nullatenus
1309 4108 1369 4170 im-

415 4205 600 4289 pediturum
629 4205 809 4287 pollicetur.
855 4206 953 4271 Unde
977 4215 1092 4272 vestrae
1121 4210 1369 4293 supplicandum

415 4309 642 4375 estimavimus
665 4308 872 4387 excellentiae,
897 4316 1056 4392 quatenus
1077 4312 1158 4377 illud
1182 4335 1248 4397 prae
1269 4314 1369 4378 oculis
