3225 5192
274 737 342 781 mo.
361 714 558 800 uss-61]
605 733 1094 780 uuanroaorrusrsmsroun.
1164 719 1226 781 197

270 858 419 941 nunquid
435 856 476 921 sd
490 856 551 921 hoc
566 861 669 919 totam
682 848 832 921 inclinari
847 856 989 940 oportuit
1003 857 1146 921 eoelesioe
1159 859 1225 941 ple·

270 960 465 1040 nitudinem,
482 980 584 1042 quum
604 958 640 1021 id
661 958 779 1022 elamet
800 958 983 1036 auctoritas,
998 965 1036 1022 ut
1051 974 1226 1043 pancorum

271 1067 418 1132 absentie
437 1066 503 1131 sive
522 1065 710 1144 neoessaria,
726 1065 791 1129 sive
805 1064 948 1143 fortuita,
964 1064 1051 1150 quod
1069 1087 1090 1136 a
1104 1066 1227 1151 majore

194 1216 197 1221 .
270 1176 363 1253 parte
384 1169 507 1234 ordinis
529 1156 688 1232 statutum
710 1176 759 1231 est
781 1167 961 1247 salubriter,
981 1189 1048 1232 non
1070 1168 1225 1234 debilitet.

271 1273 315 1335 Et
336 1272 426 1351 item,
450 1270 523 1335 duae
545 1276 653 1355 partes
676 1268 797 1334 ordinis
819 1270 855 1333 in
879 1270 960 1335 urbe
983 1271 1104 1355 positoe,
1126 1272 1227 1337 totius

270 1375 393 1440 ordinis
421 1376 524 1439 instar
553 1372 718 1438 exhibent.
770 1373 815 1437 Et
845 1372 938 1437 alibi:
972 1372 1069 1439 Quod
1097 1374 1228 1459 majoris

270 1478 370 1562 partis
386 1498 533 1543 assensus
548 1475 738 1561 probaverit,
755 1475 896 1540 solennis
914 1474 977 1541 boo
996 1478 1103 1541 firmet
1118 1485 1227 1543 aucto·

270 1582 358 1645 ritas.
414 1580 450 1644 Si
476 1580 555 1664 quid
578 1600 653 1643 vero
681 1584 849 1642 tentorum
877 1576 1040 1641 luminum
1068 1579 1228 1670 praeclaris

270 1686 377 1769 potuit
400 1682 571 1768 superandi
592 1680 781 1765 fulgoribus,
804 1680 840 1744 id
860 1680 964 1745 fidelis
984 1682 1083 1745 vestri
1105 1682 1228 1747 domini

272 1788 477 1853 Lexoviensis
497 1786 646 1871 episcopi,
665 1785 761 1869 plene
783 1784 949 1848 suavitatis
971 1784 1075 1867 grstia
1096 1794 1129 1849 et
1151 1809 1226 1871 pru-

270 1892 398 1967 dentiae,
415 1878 455 1955 ad
470 1890 604 1974 plenum
619 1888 795 1952 cumulavit
811 1888 955 1971 epistola.
1000 1890 1043 1953 In
1058 1911 1131 1973 qus,
1148 1891 1227 1954 dum

271 1996 372 2079 ipsius
391 1994 467 2059 fidei
486 1994 619 2078 puritas,
639 1998 673 2057 et
692 1991 884 2056 obedientiae
902 1993 1003 2056 virtus
1022 1992 1172 2057 omnibus
1191 1994 1227 2057 in

271 2119 443 2163 oommune
461 2095 678 2162 residentibus
696 2101 848 2179 patenter
861 2096 1004 2175 emicuit,
1017 2097 1174 2161 micantes
1190 2097 1227 2161 in

271 2202 368 2268 rebus
390 2202 497 2265 dubiis
518 2200 694 2265 multorum
717 2199 851 2278 animos,
874 2221 917 2264 ne
939 2199 980 2264 de
1001 2208 1117 2265 oaetero
1138 2200 1227 2265 velut

272 2305 397 2369 arundo
411 2311 508 2369 vento
522 2304 644 2385 agitata
658 2308 871 2382 moverentur,
887 2304 978 2386 quasi
993 2324 1099 2367 eoram
1122 2304 1226 2387 posito

270 2409 397 2473 virtutis
412 2408 552 2493 speculo,
568 2414 601 2471 et
616 2414 772 2490 tauquam
787 2406 921 2471 Domini
940 2406 1056 2490 spiritu
1074 2428 1132 2490 per
1151 2428 1226 2471 eum

270 2510 398 2595 plenius
409 2508 609 2587 exhortante,
620 2498 853 2591 perfeetiime
864 2507 1021 2571 solidavit.
1043 2508 1226 2572 Novissime

269 2634 345 2678 vero
367 2631 593 2678 consummans
611 2610 721 2675 omnia
740 2630 830 2674 saera
849 2611 1029 2693 legatorum
1048 2616 1227 2674 vestrorum

272 2716 447 2795 attestatio,
462 2715 558 2781 beato
572 2716 637 2779 fine
653 2720 771 2779 cuneta
785 2714 965 2798 complevit,
981 2713 1060 2778 adeo
1074 2719 1113 2777 ut
1127 2713 1226 2777 eecle-

271 2819 320 2883 sia
341 2826 454 2883 sancta
475 2817 560 2902 quod
581 2818 616 2881 in
638 2838 716 2881 aure
737 2816 826 2900 prius
849 2816 1002 2895 audierat,
1025 2822 1229 2899 supertecta

272 2943 382 2986 secure
400 2924 469 3007 jam
491 2922 653 3006 praedicet,
668 2926 702 2985 et
724 2920 939 3004 apostolatum
960 2926 1103 2984 vestrum
1124 2918 1227 3003 piissi-

271 3046 345 3089 mus
359 3046 416 3088 rex
430 3032 542 3088 noster
556 3024 672 3087 humili
694 3022 863 3087 devotione
878 3023 1040 3106 suscipiat,
1056 3029 1089 3087 et
1103 3022 1226 3105 Auglo-

270 3150 345 3192 rum
359 3126 448 3192 vobis
463 3134 495 3191 et
511 3127 678 3192 Gallicana
693 3126 789 3191 simul
809 3125 942 3190 ecclesis
959 3147 1027 3190 non
1045 3124 1079 3190 in
1099 3126 1226 3191 occulto

268 3234 338 3317 jam
352 3232 495 3314 loquens,
512 3230 568 3296 sed
587 3232 623 3295 in
643 3229 793 3295 omnibus
814 3231 880 3295 suis
899 3231 1019 3296 finibus
1029 3231 1098 3316 jam
1113 3238 1225 3316 paten-

271 3344 322 3399 ter
340 3334 479 3398 obediat.
524 3333 592 3399 Vos
612 3332 721 3417 itaque
741 3334 886 3418 poterin
906 3334 1035 3399 Christo
1054 3334 1225 3414 carissime,

271 3436 306 3500 in
325 3446 450 3521 patrem
470 3444 503 3501 et
524 3444 685 3521 pastorem
700 3436 881 3502 animarum
895 3446 1080 3502 nostrarum
1094 3438 1225 3522 suseipi-

272 3562 354 3621 mus,
369 3561 480 3605 vocem
500 3548 639 3605 vestram
661 3540 841 3605 audivimus
863 3550 897 3605 et
918 3542 1131 3624 agnoscimus,
1151 3541 1226 3605 alie-

271 3664 351 3707 num
377 3665 445 3709 non
470 3644 643 3727 sequimur,
667 3644 722 3708 sed
749 3643 804 3727 qui
832 3642 953 3709 Christi
976 3644 1131 3722 tunicam,
1155 3667 1227 3729 quae

271 3768 332 3811 neo
346 3748 382 3810 iu
396 3746 543 3831 passione
558 3747 656 3812 scisse
670 3754 729 3826 est,
745 3747 860 3812 misere
871 3747 1085 3812 oonsedemnt
1098 3748 1227 3814 Satunae

271 3854 306 3917 in
328 3854 433 3919 earnis
456 3854 634 3933 interitum,
654 3854 690 3918 in
709 3851 841 3937 spiritus
863 3855 965 3918 saneti
986 3854 1107 3918 virtute
1127 3854 1227 3918 tredi-

272 3978 354 4023 mus.
399 3957 563 4023 Divinitus
582 3958 693 4042 itaque
715 3957 844 4022 conlato
863 3956 954 4022 vobis
977 3958 1102 4038 honori,
1124 3965 1226 4041 pater,

190 4118 199 4134 ,
271 4070 310 4127 ut
324 4063 506 4146 Auglorum
521 4062 647 4146 plenius
662 4061 838 4146 applaudat
857 4062 989 4127 eeclesia
1001 4062 1038 4127 in
1051 4083 1117 4127 uno
1133 4062 1227 4125 devo·

269 4166 392 4230 tissime
411 4166 447 4229 in
466 4164 570 4230 beatis
589 4166 640 4230 his
662 4166 810 4249 auspiciis
832 4166 947 4231 vestris
965 4166 1108 4250 postulat
1127 4184 1223 4226 exan-

271 4269 342 4349 diri,
357 4275 394 4334 ut
414 4268 501 4334 beati
521 4269 606 4353 regis
625 4268 777 4333 Edwardi
796 4290 912 4353 eorpus
931 4269 1027 4333 liceat
1040 4265 1224 4331 fidelissimo

270 4372 335 4436 filio
371 4378 477 4437 vestro
515 4372 856 4437 westmonasteriensi
893 4371 1003 4435 abbati
1038 4367 1225 4446 Laurentio,
