3225 5192
163 660 192 793 ’,Ι
238 707 315 783 μ).
333 684 534 769 1139-48.]
581 704 793 749 oaocusrarrr
809 704 988 753 urrarouu.
1158 696 1200 758 73

187 902 191 913 .
247 822 427 907 praetendit,
442 844 497 887 vos
519 823 555 885 in
577 822 798 887 eredulitatem
822 844 934 887 eorum
958 846 1031 909 quae
1050 826 1199 908 affirmat,

161 921 170 939 ⁸
246 926 381 994 inducit.
425 924 524 989 Unde
549 931 688 989 vestrum
716 944 954 1008 praemonemus
983 928 1200 1015 dilectionem,

246 1036 285 1092 ut
316 1029 362 1093 sie
394 1027 490 1093 dictis
523 1029 592 1112 ejus
625 1028 848 1112 adquiescatis,
883 1050 925 1094 ne
958 1030 1198 1098 inconsiderata

247 1130 384 1213 quadam
406 1130 658 1195 commutatione
683 1130 849 1210 damnum,
873 1133 960 1215 quod
982 1134 1076 1200 facile
1097 1136 1198 1201 refor-
1319 1153 1324 1161 ·

246 1234 327 1296 mari
341 1240 491 1317 nequeat,
508 1231 689 1297 incurratis.
728 1233 863 1301 Certum
878 1236 965 1299 enim
979 1236 1125 1303 habeatis
1140 1260 1200 1303 noa

247 1335 379 1399 eeclesia
400 1335 441 1400 de
462 1335 605 1414 Camme,
626 1342 659 1400 et
681 1337 815 1414 eudesia
836 1337 877 1401 de
901 1338 1145 1422 Herlingeham,
1168 1350 1202 1407 et

247 1438 396 1502 omnibus
412 1460 483 1522 quae
497 1438 538 1503 ad
554 1460 624 1502 eam
636 1439 811 1523 pertinent,
824 1441 997 1523 apostoliea
1008 1444 1200 1510 auctoritate

246 1540 412 1605 investitos
434 1562 511 1619 esse,
527 1547 560 1605 et
577 1563 632 1606 voa
654 1562 715 1610 uec
733 1543 993 1607 commutatione
1009 1544 1126 1629 aliqua,
1140 1566 1201 1610 neo

247 1644 451 1732 ullodomini
474 1644 615 1709 Serlonis
635 1644 730 1723 douo,
746 1644 797 1709 nl
816 1644 1047 1731 eujuaeumque
1067 1669 1201 1713 assensu
1261 1633 1265 1642 ¹

248 1745 367 1829 aliquid
377 1746 412 1809 in
423 1746 479 1825 eia,
488 1746 552 1810 nisi
563 1768 638 1811 oum
649 1768 777 1811 summa
786 1747 891 1811 nostri
900 1748 1029 1831 injuria,
1038 1749 1200 1816 vindicare

248 1848 448 1931 aliquatenus
467 1870 569 1932 posse.
615 1850 775 1913 Praeterea
789 1854 823 1913 et
837 1849 918 1913 illud
931 1850 1094 1930 noveritia‚
1109 1852 1201 1916 oleri·

248 1972 321 2016 eum
341 1958 488 2015 nostrum
509 1952 727 2035 Reginaldum
746 1952 781 2015 in
802 1952 936 2017 ecelesia
954 1952 995 2016 de
1013 1953 1199 2018 Berohelaie

247 2052 451 2137 praebendam
466 2076 566 2119 unam
584 2054 714 2132 habere,
730 2050 763 2119 et
780 2054 906 2119 Serloui
919 2056 956 2119 in
970 2056 1061 2120 nullo
1076 2056 1200 2140 subjee-

250 2164 320 2220 tum
342 2176 420 2220 ease.
467 2156 565 2221 Unde
587 2157 615 2220 si
637 2157 678 2221 de
699 2158 842 2237 eeclesia,
864 2158 900 2221 in
924 2179 989 2242 qua
1008 2159 1071 2223 iste
1089 2180 1201 2243 parem

250 2258 374 2322 Serloni
396 2266 605 2342 personatum
626 2258 734 2338 habet,
751 2259 821 2344 ipao
842 2281 911 2324 non
932 2260 1038 2325 aolum
1058 2262 1200 2342 nolente,

247 2361 345 2425 immo
355 2367 389 2425 et
397 2358 1200 2443 reclamante,commutationemfeeeritia,vestrum

247 2464 349 2545 magis
363 2462 494 2528 libitum
505 2485 602 2547 quam
612 2462 783 2547 quiequam
795 2466 863 2549 juri
869 2486 1054 2550 congruum
1065 2467 1199 2548 facietis,

247 2590 323 2631 nam
346 2590 418 2652 quae
439 2568 559 2652 publici
577 2569 660 2653 juria
680 2577 767 2649 aunt,
786 2571 908 2635 nullius
929 2561 1201 2640 numerantur'in

249 2670 351 2749 bonis,
372 2690 432 2735 nec
454 2678 638 2735 contractus
660 2672 757 2735 unius
779 2673 954 2737 transferre
975 2680 1082 2757 potest
1107 2674 1144 2737 in
1164 2695 1202 2739 re

249 2773 413 2837 communi
424 2772 614 2837 dominium.
636 2772 1200 2863 Voannequaquamlaterevolumua,

139 2960 140 2963 Ἴ
248 2874 437 2957 praedietum
460 2873 678 2957 Reginaldum
701 2896 787 2939 anno
809 2876 981 2960 praeterito,
1003 2898 1104 2960 quum
1125 2898 1202 2941 eum

250 2976 340 3041 Serio
355 2976 460 3041 dehis
475 2998 548 3061 quae
563 2999 583 3040 a
595 2977 690 3042 nobis
704 2977 801 3042 modo
816 2977 968 3059 vindieat,
983 2978 1143 3061 fatigaret,
1159 2980 1201 3045 ad

249 3079 415 3143 dominum
430 3101 546 3163 papam
562 3080 747 3164 appellasse,
759 3087 792 3145 et
809 3080 948 3165 seipsum
962 3081 999 3145 in
1013 3086 1135 3146 statuto
1150 3082 1203 3147 die

247 3187 465 3264 praesentasse,
480 3189 513 3246 et
529 3204 628 3266 quum
650 3182 800 3247 dominus
822 3184 913 3247 Serlo
932 3204 993 3248 nee
1007 3184 1201 3268 apparuerit,

124 3343 130 3349 .
246 3283 435 3347 investitum
454 3285 520 3347 auis
538 3306 613 3348 eum
634 3286 739 3367 gratia
753 3285 877 3349 domini
896 3307 996 3369 papae,
1012 3285 1053 3350 ad
1074 3286 1203 3370 propria

247 3406 414 3450 remeasse.
460 3388 509 3451 Ut
523 3408 597 3451 vero
620 3387 706 3470 quod
728 3408 892 3451 summum
912 3396 962 3451 eet
978 3395 1201 3470 non-taceam,

248 3495 371 3552 eertum
381 3488 470 3553 vobis
482 3510 550 3553 ease
562 3510 630 3553 non
642 3488 765 3567 dubito,
778 3489 864 3572 quod
876 3489 1042 3554 eeclesiam
1053 3489 1201 3555 obtinere

248 3596 432 3655 contractus
454 3591 586 3655 illicitus
609 3597 667 3655 eat.
713 3592 812 3655 Unde
826 3612 937 3675 preces
954 3592 1066 3655 sedulo
1084 3592 1201 3657 duere

247 3693 329 3758 tioni
339 3699 452 3757 veatrae
462 3694 665 3777 porrigimus,
678 3701 716 3757 ut
730 3693 766 3756 in
780 3714 816 3757 re
830 3693 894 3757 iata
908 3694 953 3758 aie
967 3694 1077 3759 omnia
1091 3694 1201 3760 mode·

248 3797 335 3874 retis,
360 3802 398 3859 ut
423 3816 485 3860 neo
510 3796 660 3879 religioni
682 3804 796 3861 vestrae
819 3804 932 3861 notam
957 3797 1113 3877 inferatis,
1137 3818 1200 3863 nee

248 3898 392 3963 habitam
416 3899 574 3963 haetenus
595 3898 682 3963 inter
703 3921 763 3964 noa
789 3899 955 3965 caritatem
982 3900 1201 3967 emolumento

248 4000 339 4065 facile
354 4001 519 4067 minuatis.
564 4002 690 4066 Valete.
