3225 5192
374 648 419 710 34
608 661 765 708 summm
779 661 900 708 rumor
914 659 1058 706 srmrrs

373 781 523 848 comitate
547 779 790 866 praetendimus,
815 778 879 862 ipsi
900 777 1094 864 suscipiatis,
1119 782 1155 843 et
1177 776 1219 844 de
1240 798 1333 847 mau-

374 885 451 952 dsto
464 891 571 949 vestm
591 882 699 968 siquid
717 883 827 948 minus
848 881 984 966 agimus,
999 887 1137 965 paterna
1156 881 1220 946 hoc
1239 881 1335 948 nobis

374 988 509 1052 caritate
529 985 714 1050 remittatis.
759 983 857 1049 Absit
878 984 966 1049 enim
984 991 1022 1048 ut
1041 982 1120 1066 quid
1139 983 1277 1048 audeam
1297 983 1335 1048 in

373 1089 546 1174 presentia
567 1095 673 1154 vestra
695 1089 890 1172 confingere,
913 1087 969 1172 qui
990 1109 1155 1152 summum
1181 1087 1263 1152 mihi
1284 1107 1334 1152 so-

373 1191 482 1258 lamen
506 1191 654 1256 estimem
678 1211 744 1254 una
768 1190 935 1255 vobiscum
960 1188 1028 1255 dies
1049 1189 1148 1274 hujus
1176 1189 1335 1256 incolatus

374 1294 542 1361 individua
555 1295 630 1360 vitae
645 1293 874 1378 conjunctione
888 1293 1078 1376 transigere.
1125 1292 1192 1357 Sed
1206 1292 1257 1356 his
1279 1292 1336 1377 qui

375 1398 462 1464 circa
482 1418 542 1463 nos
567 1404 654 1477 sunt,
676 1395 754 1460 satis
778 1416 937 1484 superque
956 1401 1072 1460 notum
1092 1401 1151 1472 est,
1173 1394 1335 1478 quomodo

374 1521 479 1585 nuper
493 1501 646 1566 imreriut
661 1499 843 1564 Wallenses
863 1499 901 1563 in
919 1519 990 1577 nos,
1005 1505 1039 1562 et
1054 1497 1140 1582 quod
1157 1504 1251 1562 trans
1273 1497 1333 1562 Sa·

375 1602 503 1668 brinam
523 1602 656 1667 fluvium
676 1601 881 1685 potissimum
905 1599 1114 1680 habebamus,
1136 1607 1245 1666 totum
1265 1601 1335 1666 fare

378 1725 481 1788 usque
516 1703 553 1767 in
588 1703 674 1786 ipsas
703 1701 833 1766 Welliae
869 1701 1106 1787 profunditates
1141 1701 1333 1786 abegerunt.

380 1805 479 1870 Unde
494 1824 626 1869 necesse
641 1810 690 1868 est
705 1797 787 1868 nllhi
804 1802 867 1868 hac
883 1803 954 1888 ipsa
970 1803 1152 1883 Dominica‚
1168 1826 1233 1890 qua
1246 1805 1335 1870 Lon-

379 1907 485 1972 doniae
500 1905 706 1985 convenietis,
722 1905 881 1990 colloquio
895 1927 1010 1990 regum
1020 1906 1236 1973 Wallcnsinm
1250 1907 1336 1972 inte·

379 2031 466 2076 resse
485 2010 521 2074 in
537 2009 745 2092 Glamorgrm,
759 2009 811 2073 vel
830 2009 1001 2093 plusquam
1014 2016 1234 2074 trecentarum
1251 2030 1336 2073 mar-

380 2135 492 2179 carum
507 2113 663 2176 damnum
677 2112 942 2196 irrecuperatorie
957 2113 1128 2178 sustinere.
1159 2113 1246 2180 Quia
1259 2133 1339 2196 ergo

378 2217 415 2280 in
429 2222 500 2281 tota
513 2221 600 2280 terra
614 2213 719 2279 cordis
733 2214 833 2278 vestri
847 2214 889 2279 ad
903 2215 1036 2298 plenum
1051 2214 1238 2280 dominatur
1256 2214 1337 2279 cari-

256 2358 257 2361 =
379 2326 441 2398 tas,
465 2316 584 2384 dabitis
607 2317 674 2381 filio
696 2317 843 2382 exoranti
871 2316 957 2382 hanc
978 2317 1117 2396 veniam,
1141 2325 1180 2382 ut
1202 2330 1339 2402 paterna

378 2420 511 2486 licentis
531 2419 572 2485 ad
592 2440 731 2504 praesens
750 2419 882 2504 urgenti
896 2426 930 2484 et
944 2420 1082 2486 instanti
1095 2419 1272 2505 plurimum
1286 2442 1337 2485 ec·

378 2523 483 2588 clesiec
496 2528 616 2586 nostrsc
631 2521 817 2586 necessitati
832 2521 1019 2588 deserviam.
1053 2521 1171 2587 Valeat
1186 2521 1338 2588 dominus

378 2633 413 2692 et
426 2633 519 2712 pater
533 2645 626 2692 meua
641 2623 880 2691 dilectissimus.

536 3034 759 3101 uelsrohe
781 3035 1008 3101 XXIII.-an
1024 3054 1179 3100 rororis.

231 3273 244 3292 ι
380 3193 475 3257 Patri
498 3213 554 3256 saco
576 3198 607 3255 et
629 3192 751 3256 domim
777 3190 996 3254 Gumoarieasi
1018 3190 1081 3252 Dei
1099 3191 1209 3273 pretio
1233 3193 1337 3256 arcti-

424 3298 575 3381 epiaccpo,
590 3302 621 3359 ct
639 3297 734 3360 totius
748 3296 871 3377 Anqlic
887 3296 1021 3376 primm
1038 3292 1190 3376 lifroter
1206 3297 1245 3359 G.
1264 3298 1337 3360 Glo-

425 3400 544 3463 ccstvioe
558 3399 659 3462 άίσΐιιι
673 3397 778 3478 obbas,
795 3397 999 3461 obediendiam
1019 3399 1163 3462 hamilem
1176 3405 1209 3463 ct
1221 3401 1260 3464 dc
1272 3404 1338 3463 toto

426 3502 518 3566 corde
532 3501 735 3566 dilectionem.

425 3671 480 3735 Au
496 3669 659 3754 egendum
681 3669 768 3756 quod
786 3669 978 3754 imperastis,
993 3691 1091 3754 quam
1112 3671 1221 3755 plures
1243 3669 1339 3736 amici

380 3773 485 3838 nostri
509 3773 579 3856 jam
603 3772 703 3838 semel
728 3772 906 3838 etiterum
932 3772 1093 3856 tertioque
1118 3771 1336 3852 convenimus,

381 3882 421 3941 ut
447 3875 725 3942 causam-domini
750 3875 876 3941 abbatis
902 3875 1119 3959 Radingensis
1145 3881 1178 3940 et
1200 3874 1338 3940 fratr-m

381 3979 451 4065 ejus
467 3979 635 4044 adversum
655 3978 824 4044 dominum
839 3976 1034 4042 Rodericum
1050 3983 1237 4063 ceterosque
1249 3977 1338 4043 beati

381 4083 531 4168 Dionysii
553 4080 727 4147 monachos
748 4080 876 4164 plenius
898 4079 1059 4145 audiendo
1081 4079 1336 4146 decerneremus.

381 4187 488 4252 Causa
510 4185 618 4270 itaque
647 4183 788 4249 deducta
815 4184 852 4247 in
880 4182 1025 4248 mefflum
1049 4182 1092 4248 ad
1120 4183 1209 4248 hunc
1237 4183 1337 4248 finem

380 4309 483 4374 risque
511 4287 667 4373 perducta
691 4293 751 4352 est.
798 4285 1089 4370 Conquerebantur
1115 4285 1338 4371 Radingenses
