3225 5192
236 739 302 782 nn.
320 714 517 798 1139-48.]
569 734 781 779 onocssrurn
797 736 976 781 srrsronn.
1147 722 1188 784 75

235 852 338 918 olesiae
355 858 475 919 nostrae
495 853 700 935 detrimento,
716 856 804 939 turpi
824 856 962 939 quadam
984 856 1190 923 mutilatione

236 978 408 1040 gravamen
432 956 600 1035 inferatur,
625 962 659 1021 et
687 964 726 1021 ut
748 958 838 1022 vobis
863 964 1020 1042 tanquam
1044 961 1131 1044 patri
1155 968 1189 1025 et

236 1059 376 1138 dominc,
398 1080 466 1124 non
488 1060 592 1124 solum
617 1082 636 1124 a
658 1082 722 1139 me,
745 1061 802 1125 sed
825 1084 846 1125 a
865 1066 936 1125 toto
957 1062 1056 1126 etiam
1078 1070 1190 1127 nostro

236 1163 369 1247 collegio
391 1164 568 1247 gratiarum
590 1163 685 1243 actio,
705 1170 737 1228 et
760 1164 861 1229 debiti
881 1164 1013 1229 honoris
1034 1165 1189 1231 exhibitio

234 1267 400 1331 referatur.
446 1266 613 1331 Judicium
628 1288 728 1350 aequae
741 1266 833 1331 librae
847 1287 917 1332 non
931 1289 1130 1350 recusamus,
1145 1291 1188 1335 ne

236 1376 345 1434 tamen
357 1370 563 1435 offendantur
573 1369 629 1453 qui
644 1371 738 1435 amici
753 1377 840 1450 sunt,
851 1392 922 1435 rem
935 1373 1039 1455 magis
1052 1372 1189 1438 honesta

236 1473 451 1539 transactione
460 1473 545 1537 finiri
555 1473 718 1538 vellemus.
741 1473 1190 1560 Valete,semperin0lrristo

238 1578 378 1643 Domino
393 1576 508 1642 dilecte
523 1584 624 1661 pater.

402 1880 622 1945 ErlsronA
644 1880 846 1945 LVII.-sn
863 1902 1016 1948 suroris.

237 2034 331 2097 Patri
352 2053 408 2097 csso
430 2040 462 2097 ct
486 2034 892 2100 dominolLLcadaoienci
914 2036 1188 2125 Deiproticepi-

279 2156 379 2218 scopo,
398 2138 436 2199 G.
453 2137 554 2201 dictus
568 2137 664 2201 abtas
681 2139 869 2218 Gloceatrioe,
881 2140 953 2204 Deo
965 2141 1043 2223 jare
1064 2144 1187 2207 merito·

280 2260 350 2303 rum
365 2242 561 2322 comptrcere.

282 2392 433 2457 Gnarum
457 2414 577 2457 munus
600 2391 724 2459 estimo
748 2393 835 2476 quod
856 2414 919 2474 me,
945 2393 1062 2461 dilecte
1086 2401 1189 2481 peter,

238 2495 418 2559 litterarum
432 2495 676 2561 commonitorio
689 2516 842 2579 provocas
860 2496 902 2561 ad
920 2497 1084 2563 virtutem.
1128 2498 1189 2563 Ni-

240 2599 285 2662 hil
304 2606 353 2663 est
373 2599 460 2663 enim
481 2598 566 2681 quod
586 2606 678 2681 pater
696 2600 762 2664 tilio
782 2600 832 2663 vel
851 2599 963 2663 utilius
981 2600 1124 2679 suadere,
1139 2601 1191 2664 vel

238 2702 388 2767 intimare
401 2704 502 2786 possit
517 2702 691 2768 honestius.
739 2705 831 2768 Nam
845 2704 913 2768 sola
926 2710 976 2768 est
988 2704 1102 2783 virtus,
1118 2725 1191 2787 quae

239 2804 379 2869 Domino
393 2804 549 2869 virtutum
565 2804 702 2889 dignum
720 2813 853 2890 praestat
873 2806 1072 2889 obsequimn‚
1088 2813 1122 2871 et
1140 2812 1190 2871 to-

238 2914 309 2972 tum
324 2928 420 2972 exosa
434 2908 519 2991 quod
533 2908 686 2992 praeterit,
703 2908 853 2973 affectare
874 2909 1038 2992 presumit
1060 2914 1191 2974 eterna.

239 3010 352 3096 Virtus
367 3017 426 3090 est,
443 3034 512 3095 quae
527 3011 651 3076 animos
666 3010 782 3090 evehit,
798 3018 832 3075 et
851 3018 960 3075 totum
974 3011 1112 3095 fugiens,
1128 3033 1192 3095 quo

239 3112 409 3177 turbamur
421 3114 458 3177 in
472 3114 601 3194 infimis,
617 3114 723 3178 locum
743 3112 804 3177 sibi
826 3113 941 3197 quaerit
959 3120 994 3178 et
1012 3113 1137 3178 invenit
1155 3114 1192 3178 in

239 3216 395 3301 supernis.
437 3216 564 3299 Species
580 3217 649 3301 ejus
664 3215 875 3280 amabilis-est
889 3222 922 3279 et
937 3216 1191 3300 concupiscibilis

238 3320 351 3398 forma,
368 3342 448 3403 qum,
464 3327 501 3384 ut
517 3320 562 3384 ait
578 3321 714 3404 sapiens,
730 3321 757 3382 si
772 3318 989 3404 corporalibus
1003 3319 1044 3383 ad
1059 3318 1192 3402 plenum

238 3422 397 3488 intuenda
411 3423 541 3489 daretur
556 3424 665 3503 oculis,
681 3422 827 3486 omnium
847 3422 884 3485 in
906 3444 941 3487 se
963 3423 1124 3505 appetitus
1138 3442 1192 3485 ex·

239 3526 353 3591 citaret
375 3548 442 3591 non
466 3526 619 3591 modicos.
665 3526 795 3590 Gratias
819 3524 928 3609 itaque
951 3530 1095 3608 paternas
1119 3524 1191 3601 dili,

240 3630 358 3712 gentiae
382 3628 494 3709 refero,
520 3652 591 3713 qnae
615 3636 759 3695 mentem
785 3649 892 3692 meam
921 3627 963 3692 ad
993 3648 1066 3692 eam
1094 3648 1192 3710 quam
1303 3678 1306 3683 .

240 3732 429 3797 commendo
444 3733 606 3811 virtutem,
622 3754 689 3798 non
703 3730 909 3796 mediocriter
922 3729 1077 3794 incitavit.
1102 3730 1192 3793 Nam

240 3836 325 3918 quod
348 3856 429 3900 meae
453 3836 622 3901 commissa
648 3834 857 3900 sollicitudini
880 3839 1022 3899 tractare
1044 3852 1097 3897 me
1120 3832 1191 3896 dili-

241 3944 354 4021 genter
372 3938 484 4003 edoces
506 3948 540 4004 et
560 3940 708 4016 hortaris,
725 3940 764 4004 ad
778 3939 961 4025 prudentiae
973 3958 1027 4001 me
1041 3938 1122 4001 fines
1137 3958 1191 4020 ap·

239 4042 347 4125 plicas,
368 4048 401 4106 et
426 4064 464 4106 ea
487 4064 557 4126 quae
579 4042 616 4111 in
639 4042 728 4106 omni
750 4045 852 4108 officio
873 4042 1111 4128 pernecessaria
1131 4047 1191 4119 est,

239 4145 441 4230 plenitudine
455 4167 508 4210 me
523 4144 724 4211 discretionis
738 4146 902 4209 informas.
938 4144 1039 4209 Unde
1053 4142 1081 4206 si
1095 4140 1191 4204 dilec-

237 4256 281 4313 tae
306 4248 389 4313 mihi
411 4246 643 4313 benevolentiae
667 4252 743 4325 ture,
767 4248 876 4326 irater,
900 4268 997 4331 quem
1024 4244 1059 4307 in
1084 4248 1192 4326 partes

239 4352 309 4416 illas
339 4352 451 4431 direxi,
480 4351 666 4416 reverentiae
693 4350 800 4414 minus
834 4350 1005 4435 impendit,
1035 4347 1213 4437 offensam¹
