3225 5192
248 751 315 793 su.
335 726 531 810 1148-61]
581 742 860 789 unnsrosumusss
874 744 1051 789 srrsronn.
1144 730 1203 791 155

249 868 288 931 de
301 866 457 943 Pedeure,
469 869 663 946 conquestus
678 868 727 925 est
742 882 797 925 vos
813 882 889 925 sum
896 862 987 945 justs
999 882 1204 946 nequsqusm

247 967 483 1033 interveniente
498 986 596 1029 ossus
610 963 824 1047 suspendisse,
840 972 873 1029 ct
888 964 1046 1029 decanum
1061 974 1205 1029 vestrum

249 1073 444 1137 sententium
458 1091 557 1153 quam
579 1068 614 1131 in
637 1088 712 1131 eum
733 1067 876 1145 dederat,
892 1068 1085 1133 anctoritate
1098 1075 1206 1133 vcstrs

248 1174 476 1260 promulgasse.
521 1171 622 1235 Nunc
642 1190 716 1234 vero
738 1168 781 1233 sd
802 1192 861 1235 uos
882 1170 1000 1235 iterato
1023 1171 1205 1250 recurretis,

249 1300 282 1343 se
300 1278 394 1341 aliter
409 1297 506 1359 quom
527 1296 561 1339 se
581 1294 632 1337 res
652 1273 761 1352 hsbet,
777 1272 946 1357 opinatum
960 1273 1058 1337 fuisse
1071 1274 1204 1353 fstetrn,

249 1389 282 1445 et
297 1379 451 1463 quicquid
465 1378 607 1443 decanus
618 1383 723 1441 vester
737 1376 773 1439 in
788 1397 865 1440 eum
879 1376 1118 1460 proecipitsuter
1132 1398 1205 1459 ege-

248 1484 302 1563 rit,
317 1482 501 1565 ipsumhoc
516 1481 637 1563 absque
652 1486 758 1543 vestro
772 1480 971 1545 conscientie
983 1480 1096 1545 fecisse
1110 1482 1206 1565 proti·

249 1594 346 1650 tetur.
393 1584 491 1649 Unde
514 1588 675 1667 quantum
699 1604 792 1647 sures
817 1588 938 1647 vestros
960 1582 1054 1647 velut
1073 1584 1207 1667 ignotus

248 1688 326 1753 t'soti
347 1695 429 1751 tunc
450 1687 583 1771 replevit
599 1686 817 1771 querimoniis,
833 1692 964 1750 tontum
986 1687 1086 1751 etism
1108 1688 1206 1772 aequi-

247 1798 351 1855 tstem
370 1796 510 1854 vestram
532 1811 621 1853 nuno
643 1790 768 1853 extollit
790 1790 966 1872 praeconiis
1012 1788 1111 1854 Un'ds
1130 1809 1206 1855 cum

249 1915 337 1957 error
357 1893 436 1957 facti
455 1894 541 1978 nulli¹
558 1893 600 1957 sd
621 1892 777 1956 dsmnum
796 1912 867 1955 esse
884 1890 1009 1970 debent,
1025 1912 1135 1975 preces
1149 1892 1205 1957 bc-

249 1997 405 2080 niguitsti
424 2003 538 2060 vestrae
556 1994 760 2079 porrigimus,
776 1994 930 2078 quatinus
943 1994 1135 2061 benevolum
1150 1996 1205 2063 be-

249 2100 361 2165 nevole
388 2100 577 2183 suscipistis,
605 2106 637 2162 et
663 2098 800 2181 pristino
825 2097 888 2162 sibi
912 2100 1065 2163 restituto
1090 2101 1205 2183 grstia,

249 2203 412 2267 modicum
429 2202 514 2285 quod
528 2202 712 2266 intercessit
727 2201 846 2281 delicti,
862 2222 954 2285 proce
969 2210 1080 2267 nostro
1093 2204 1205 2268 remit-

249 2308 336 2369 tstis.
367 2305 494 2369 Vsletc.

336 2617 557 2684 EPISTOLA
579 2618 831 2685 oxum-lo
847 2643 880 2685 s.
897 2642 1106 2687 courrrsssu

618 2742 835 2787 nurcusrsns.

255 2873 291 2933 G.
307 2872 368 2933 Dei
386 2873 495 2953 prolis
510 2871 759 2954 Heresordiensis
777 2877 938 2959 episcopus
956 2877 1078 2943 dilectu
1095 2880 1156 2944 sibi
1175 2887 1205 2944 st

295 2976 458 3058 dilipeudoe
479 2996 599 3059 semper
619 2977 653 3041 io
675 2978 812 3043 Domino
826 2982 867 3043 A.
882 2980 1059 3047 Leicestm
1080 3004 1205 3049 vesus·

295 3080 350 3141 bili
369 3080 541 3157 comitisse,
556 3082 687 3145 salutem
702 3102 769 3165 quse
783 3103 864 3147 ossus
878 3091 933 3163 est,
948 3092 979 3149 st
993 3106 1086 3169 psum
1098 3109 1206 3170 sporo·¹

297 3202 365 3245 mus
378 3184 412 3245 io
427 3181 568 3247 Domino.

294 3333 442 3411 Auorro,
464 3332 637 3412 carissima,
662 3354 700 3399 eo
724 3356 819 3418 quem
843 3336 882 3401 de
906 3344 939 3402 te
962 3338 1048 3403 fama
1070 3341 1204 3405 circum·

255 3456 379 3519 qusque
407 3434 533 3519 plangit
563 3442 691 3515 eventu,
716 3438 885 3502 confestim
911 3439 1007 3505 corde
1031 3462 1204 3507 concussus

254 3559 334 3617 sum,
351 3546 383 3602 et
399 3538 503 3603 menti
522 3560 601 3604 mese
621 3539 649 3602 si
669 3540 747 3622 quid
762 3542 975 3625 jocunditatis
990 3552 1047 3609 sut
1061 3545 1204 3611 hilarita-

254 3640 295 3704 tis
315 3640 487 3721 insederat,
508 3642 569 3706 hoc
592 3642 633 3705 sd
658 3642 719 3705 diri
738 3665 830 3707 ossus
851 3646 998 3711 suditum
1020 3650 1134 3715 anxius
1155 3672 1203 3715 re·

254 3750 350 3827 pente
365 3744 456 3809 dolor
470 3744 617 3809 extinxit.
662 3746 824 3811 Audimus
839 3749 925 3813 enim
941 3757 975 3815 te
988 3750 1072 3817 lecto
1088 3753 1205 3818 doloris

254 3846 441 3913 decubuisse
462 3850 609 3931 graviter,
631 3858 664 3912 et
683 3850 767 3913 vism
787 3872 882 3934 poene
901 3855 1006 3917 cornis
1028 3856 1203 3939 ingressam

254 3950 288 4013 iu
303 3956 337 4015 te
350 3958 458 4015 totum
478 3952 563 4034 quod
583 3952 705 4017 homini
726 3953 842 4018 minari
861 3964 967 4039 potest
986 3980 1072 4023 mors
1090 3962 1211 4042 cornis,

254 4054 485 4137 propemodum
512 4055 681 4139 excepisse.
729 4056 793 4119 Sed
819 4080 915 4140 quem
940 4062 1025 4144 regis
1054 4062 1203 4143 lacrimsc,

255 4154 329 4219 dum
350 4177 448 4240 prope
469 4180 554 4221 mors
575 4158 726 4241 pulsaret,
749 4167 787 4223 ut
814 4183 915 4226 anuos
936 4163 997 4227 sibi
1019 4168 1205 4249 terquinos

255 4260 395 4339 adderet,
412 4262 453 4325 sd
472 4262 689 4325 miserendum
710 4262 913 4344 inflexerunt,
934 4268 1002 4350 ipsc
1021 4277 1205 4332 sauctorum

254 4362 398 4444 pulsatus
421 4364 569 4443 lacrimis,
586 4366 760 4430 multorum
777 4376 884 4432 motus
900 4370 1095 4452 singultibus
1109 4380 1143 4435 te
1157 4373 1205 4456 ip-
