3225 5192
397 678 459 739 108
711 695 872 739 ornurcrr
890 694 1043 738 errscoer

395 810 603 889 confidentes,
618 830 727 894 preces
750 809 945 874 sublimitati
964 816 1077 874 vestrae
1098 810 1301 894 porrigimus,
1313 820 1352 876 ut

393 914 557 979 communi
572 914 674 977 amico
689 920 722 977 et
740 913 896 977 canonico
913 919 1019 977 vestro
1035 912 1193 992 Gilberto,
1208 915 1351 979 ecclesie

391 1024 504 1082 vestrae
533 1017 732 1100 praeceutori,
756 1038 812 1081 vos
838 1016 1019 1099 benignum
1047 1024 1081 1081 et
1107 1018 1347 1082 misericordem

391 1120 578 1198 exhibeatis,
589 1126 622 1185 et
637 1120 664 1183 si
679 1118 756 1202 quid
772 1118 941 1183 adversum
955 1140 1011 1183 vos
1026 1118 1067 1182 sb
1082 1119 1190 1203 aliquo
1204 1142 1347 1197 suorum,

389 1222 459 1307 ipso
481 1223 651 1305 ignorante
674 1230 707 1287 et
728 1223 871 1301 nolente,
892 1220 1099 1286 commissum
1121 1228 1181 1300 est,
1200 1223 1236 1286 in
1255 1223 1347 1287 cleri·

391 1348 466 1389 cum
488 1332 630 1389 vestrum
654 1326 743 1390 etin
767 1331 927 1409 quantum
949 1331 1066 1408 potest,
1089 1325 1240 1404 amicum,
1259 1347 1347 1391 com·

392 1429 481 1491 missi
503 1430 630 1513 culpem
653 1450 720 1492 non
741 1428 931 1493 refundatis.
980 1428 1054 1511 lpse
1072 1428 1160 1491 enim
1182 1435 1217 1493 et
1236 1450 1291 1493 vos
1312 1436 1347 1493 et

392 1532 563 1614 diligentes
586 1554 641 1596 vos
665 1532 780 1614 diligit,
804 1538 838 1595 et
863 1531 891 1593 si
912 1530 983 1614 quis
1007 1552 1140 1595 suorum
1161 1531 1348 1596 adversetur

393 1634 491 1713 vobis,
505 1641 561 1698 eut
577 1635 741 1699 extollitur
756 1641 870 1698 contre
884 1655 949 1713 vos,
964 1633 1062 1712 hunc,
1072 1634 1267 1719 quicumque
1281 1635 1349 1718 ipse

391 1744 450 1813 est,
463 1744 496 1799 et
509 1737 656 1801 abdicare
668 1743 701 1801 et
713 1737 880 1800 eliminare
890 1743 1023 1819 imatus
1034 1744 1093 1800 est.
1119 1736 1155 1799 Si
1165 1738 1275 1820 itaque
1287 1737 1348 1801 sibi

391 1859 458 1902 non
483 1860 550 1917 sus,
571 1839 627 1903 sed
648 1839 779 1903 alterius
799 1840 895 1922 culpo
914 1838 1022 1903 oblatu
1041 1840 1265 1918 restitueretis,
1277 1840 1347 1923 jus-

388 1942 470 2005 titiae
484 1962 551 2005 non
566 1942 755 2009 excideretis
769 1943 860 2020 fines,
877 1949 910 2005 et
925 1949 992 2005 tem
1011 1963 1118 2007 comes
1135 1942 1344 2018 Heresordiae,

392 2064 488 2127 quam
515 2066 583 2121 nos,
611 2044 666 2127 qui
695 2067 754 2128 pro
783 2046 839 2109 illo
867 2046 987 2128 pariter
1012 2046 1210 2110 excellentiae
1232 2053 1346 2111 vestrae

392 2146 619 2231 supplicamus,
636 2148 723 2211 vobis
744 2147 907 2231 amplioris
930 2146 1042 2230 gratioe
1064 2147 1225 2212 debitores
1245 2149 1348 2213 effice·

389 2248 476 2313 retis.
522 2250 616 2314 More
639 2250 851 2314 nibilominus
875 2250 976 2332 ipsius
999 2250 1095 2315 ambo
1118 2272 1269 2333 rogamus
1292 2270 1345 2313 ve·

388 2352 486 2429 niam,
506 2360 544 2415 ut
566 2353 600 2415 in
623 2353 684 2417 boc
706 2354 832 2417 aculeos
852 2352 1030 2416 severitatis
1048 2360 1164 2417 vestrae
1183 2375 1251 2417 non
1271 2374 1343 2416 sen-

388 2456 459 2534 tiat,
485 2456 520 2518 iu
551 2477 614 2539 quo
640 2457 816 2521 voluntatis
845 2478 912 2521 suae
934 2478 1003 2520 non
1028 2456 1199 2520 difficultas
1228 2457 1342 2534 solum,

387 2581 497 2623 verum
527 2560 766 2644 impossibilitas
799 2560 870 2643 ipsa
897 2560 1095 2644 praejudicat.
1155 2559 1340 2643 Adjuvsnte

388 2663 539 2740 Domino,
564 2672 597 2727 et
621 2664 746 2727 itineris
771 2663 832 2727 sibi
855 2662 1059 2726 securitatem
1083 2662 1282 2745 providente,
1305 2663 1342 2725 in

387 2766 532 2849 proximo
562 2768 667 2831 veniet
698 2767 738 2831 ed
768 2789 833 2845 vos,
857 2788 915 2849 per
943 2767 1052 2830 omnic
1075 2766 1162 2830 vobis
1187 2773 1344 2850 tunquam

386 2870 469 2953 patri
494 2877 527 2932 et
551 2869 682 2935 domino
708 2870 920 2935 libentissime
941 2870 1114 2952 pariturus.
1159 2870 1283 2947 Valete,
1308 2878 1343 2933 et

387 2971 427 3034 ab
443 2972 618 3035 amicorum
635 2978 813 3035 vestrorum
827 2972 984 3053 petitione
998 2972 1112 3035 faciem
1132 2972 1234 3035 nolite
1253 2992 1342 3035 aver·

385 3080 464 3149 tere,
489 3079 523 3135 et
546 3092 588 3134 ne
614 3094 697 3153 saepe
721 3093 781 3155 pro
806 3072 910 3135 amico
935 3093 1049 3154 rogare
1074 3081 1230 3156 oporteat,
1255 3074 1341 3137 diem
1427 3150 1432 3159 Ι

387 3172 539 3236 adventui
554 3173 624 3254 ejus
639 3173 746 3236 natale
763 3172 895 3236 Domini
910 3173 1108 3237 constituite.

399 3474 619 3539 EPISTOLA
641 3475 926 3539 mixtim-so
942 3494 1177 3539 rnrossnnuu
1194 3495 1322 3540 esuru-

608 3599 786 3645 ssrrussn
803 3600 1117 3644 sscusserscorurr.

385 3732 480 3795 Patri
501 3754 555 3797 cuo
578 3740 607 3797 et
630 3735 751 3798 domino
778 3734 996 3797 cantuariam
1018 3734 1080 3796 Dei
1102 3734 1211 3815 oratic
1234 3734 1338 3796 arcisi-

429 3837 567 3917 epiecopo
588 3844 618 3901 et
635 3838 730 3901 totius
744 3838 867 3919 Aoqlioe
884 3837 1027 3918 primati,
1047 3836 1081 3899 T.
1096 3856 1170 3898 eum
1187 3836 1225 3898 G.
1241 3836 1339 3899 Here-

419 3938 591 4019 sordieneis
604 3940 737 4003 ecclesie
752 3940 901 4016 minister,
917 3938 1163 4002 intitulatione
1182 3959 1243 4001 non
1265 3937 1338 4019 dest

430 4062 506 4104 cere.

427 4193 627 4255 Exencrsns
657 4192 822 4275 expectavi
854 4192 981 4275 jamdiu
1013 4193 1181 4256 dominum
1216 4214 1336 4270 meum,

383 4316 513 4376 sperans
538 4301 675 4358 avestro
695 4294 894 4359 sublimitate
916 4295 1071 4361 nuntium
1091 4296 1231 4377 aliquem
1251 4295 1337 4358 dele-
