3225 5192
275 697 342 742 no.
360 674 557 759 llas-te]
606 692 820 739 onocrsrnrn
836 693 1014 738 srrsronn.
1182 677 1225 739 85

274 816 380 900 ipsum
404 821 438 880 et
462 812 533 897 ejus
557 811 738 895 complices,
761 810 818 894 qui
839 810 1010 876 manifeste
1033 810 1125 895 digni
1148 818 1225 876 sunt

274 917 451 1004 proferatis,
476 923 510 981 et
535 915 659 979 animas
683 921 811 979 nostras
839 936 883 980 ne
911 914 1031 980 diutius
1057 937 1226 1000 suspensas

275 1021 422 1087 teneatis.
467 1020 608 1085 Litteras
628 1017 751 1083 domini
771 1018 998 1103 archiepiscopi
1014 1018 1104 1084 vobis
1122 1020 1226 1085 mitti·

277 1146 358 1204 mus,
373 1125 427 1189 cni
441 1123 504 1187 nisi
518 1122 613 1206 plene
628 1120 820 1200 obedieritis,
832 1121 900 1206 jam
914 1124 1002 1187 solus
1016 1145 1101 1187 unus
1116 1145 1226 1207 super·

277 1236 333 1307 est,
349 1248 446 1312 quem
460 1248 518 1311 pro
529 1224 664 1309 justitiae
678 1224 806 1289 defectu
819 1226 1029 1308 requiremus
1060 1227 1185 1291 Vciete.

278 1539 497 1605 EPIS'POIrA
518 1538 771 1605 textui-in
795 1553 1012 1605 sranesnvu
1028 1561 1228 1607 oneravere

591 1662 722 1707 nanssu
739 1663 914 1707 saasrrn.

228 1825 230 1829 ·
280 1797 425 1879 Aciy‘utcri
453 1796 581 1860 Domini
601 1794 784 1877 fidelissimo
813 1795 977 1859 Bernardo
1008 1797 1229 1861 Glorevaltcnsi

321 1899 436 1977 abbati,
443 1896 554 1980 frater
571 1901 609 1961 G.
628 1898 806 1963 Glocestriae
820 1897 922 1961 dictus
935 1898 1041 1979 oddus,
1055 1902 1229 1965 autumem

320 2004 439 2067 utinam
451 2008 624 2065 vestrorum
632 2000 821 2082 participem
834 2021 882 2064 me
887 2000 974 2083 fieri.

323 2156 469 2220 Dronun
490 2161 540 2219 est
559 2153 646 2239 apud
665 2154 747 2217 filios
767 2152 858 2233 lucis,
879 2154 1003 2238 siquid
1023 2155 1106 2220 forte
1125 2156 1230 2222 noctis

280 2257 461 2335 intervenit,
471 2263 511 2321 ut
524 2257 651 2340 plenius
664 2257 869 2322 iilucescente
884 2258 1029 2323 claritate
1043 2280 1111 2324 non
1124 2260 1229 2325 solum

282 2360 449 2444 dispareat,
471 2360 649 2425 sedetiam
671 2360 777 2443 potius
799 2368 977 2425 evanescat.
1027 2362 1125 2427 Unde
1144 2363 1231 2447 quod

283 2463 366 2547 apud
380 2483 440 2528 nos
454 2462 537 2527 nulli
549 2462 617 2528 iere
632 2461 767 2527 dubium
782 2470 842 2542 est,
857 2463 1024 2528 serenitati
1037 2472 1151 2529 vestrre
1166 2466 1230 2550 sig-
1294 2476 1297 2480 ’

281 2569 457 2646 uideamus,
471 2589 514 2633 ne
528 2567 611 2632 forte
625 2567 662 2631 iu
675 2568 727 2631 his
742 2589 814 2651 quae
831 2569 990 2647 novimus,
1004 2568 1174 2633 veritatem
1193 2568 1231 2633 in

280 2671 448 2755 presentia
475 2678 581 2735 vestra
609 2670 771 2735 obscurari
806 2671 1042 2754 permittamus.
1103 2671 1231 2736 Scimus

281 2775 366 2841 enim
375 2774 576 2838 Willelmum
587 2758 749 2857 quondam
761 2773 912 2838 abbatem
923 2773 1109 2851 Tinterniae,
1124 2762 1232 2838 locum

282 2878 321 2943 de
335 2877 579 2961 chingeswude,
595 2897 690 2961 quem
706 2876 853 2941 nondum
873 2876 1043 2959 quisquam
1058 2877 1232 2942 monacho-

280 3004 352 3047 rnm
361 2980 607 3059 inhabitaverat,
618 2980 658 3044 ab
669 2979 815 3064 ejusdem
828 2980 891 3044 loci
905 2980 1059 3045 advocato
1068 2980 1233 3047 Wilielmo

282 3084 457 3163 Berchelai,
469 3104 602 3148 assensu
615 3082 857 3167 presidentium
871 3090 1080 3167 potestatum,
1094 3084 1232 3168 impera-

280 3189 368 3253 tricis
382 3186 540 3267 videlicet,
556 3192 590 3250 et
609 3186 743 3250 Milonis
758 3186 798 3250 de
814 3186 1003 3266 Glooestriu,
1023 3188 1114 3252 nullo
1133 3188 1232 3252 recla-

282 3298 391 3356 mante
411 3290 595 3374 suscepisse,
611 3290 792 3369 aedificasse,
809 3296 843 3355 et
857 3289 898 3354 de
911 3292 982 3375 ipsa
995 3290 1091 3356 domo
1104 3290 1233 3356 Tinter-

282 3395 344 3475 niae
362 3400 558 3459 conventum
579 3394 615 3457 in
635 3393 705 3458 loeo
724 3393 794 3477 ipso
812 3394 1019 3473 instaurasse,
1034 3402 1068 3459 et
1083 3394 1152 3478 jam
1168 3402 1234 3459 sta-

281 3506 353 3562 tuto
378 3502 541 3562 conventu
566 3496 716 3561 abbatem
739 3496 779 3561 de
801 3498 1033 3562 esdem'domo
1056 3518 1124 3576 sua,
1148 3498 1233 3563 'Pbo-

281 3621 369 3665 nram
381 3600 530 3665 videlicet
543 3598 720 3664 tinterniae
733 3600 873 3683 priorem
888 3599 1077 3685 prefecisse.
1106 3600 1234 3665 Deinde

281 3724 431 3787 processu
445 3702 598 3786 temporis
611 3702 784 3785 predictus
799 3703 898 3768 abbas
908 3704 1091 3767 Willelmus
1106 3704 1235 3769 Tinter-

282 3808 353 3884 niae,
380 3806 527 3871 adhibito
550 3805 612 3870 sibi
637 3807 800 3871 carissimo
822 3808 924 3871 tratre
946 3814 1058 3872 nostro
1082 3808 1234 3872 Hemone

282 3909 398 3981 abbate
424 3908 626 3988 Bordesleiae,
650 3910 840 3994 praedictum
869 3911 969 3974 etism
993 3911 1151 3975 'Phomam
1178 3911 1234 3975 do-

282 4014 371 4078 mino
395 4012 614 4095 Wigorniensi
643 4014 858 4096 praesentavit,
888 4021 922 4079 et
951 4022 990 4079 ut
1018 4016 1054 4079 in
1083 4014 1234 4079 abbatem

281 4114 526 4180 benediceretur
547 4113 699 4193 obtinuit,
720 4120 753 4179 et
774 4115 836 4198 ipsi
858 4115 1008 4201 deinceps
1028 4124 1068 4181 ut
1088 4116 1156 4181 filio
1177 4115 1234 4178 do·

281 4216 361 4281 mini
387 4218 485 4281 etiam
512 4218 554 4282 de
577 4213 813 4301 Ghingeswude
841 4226 998 4304 tanquam
1027 4220 1132 4283 unicoe
1160 4216 1234 4279 filiae

280 4320 417 4405 providit
431 4321 468 4385 iu
482 4320 638 4405 pluribus,
653 4328 687 4386 et
701 4320 861 4389 subvenit.
907 4324 1019 4391 Quum
1040 4323 1149 4405 itaque
1167 4318 1234 4404 juri
