3225 5192
410 661 475 726 366
723 675 884 718 sinerum
902 671 1051 716 nvrscorr

411 796 571 884 putaverit
580 792 837 880 Μυκήνα]
844 813 920 858 eum
929 797 1115 874 suspectum
1123 790 1285 868 hebuerit,
1291 809 1371 852 mox

413 903 594 968 Rommm
615 897 755 982 appellet
775 895 895 975 sedem,
909 917 930 960 n
946 917 1011 979 que
1029 895 1109 959 dum
1129 917 1164 960 se
1184 894 1290 960 audiri
1311 914 1372 977 po·

411 1003 559 1090 poscerit,
574 1001 684 1066 nullus
698 1021 772 1064 eum
792 1001 1059 1078 excommunicet,
1074 1007 1249 1083 sntequum
1271 1019 1372 1064 mnes

411 1107 532 1172 summi
553 1103 713 1190 pontificis
734 1104 928 1169 auctoritate
949 1103 1094 1183 finietur,
1116 1103 1203 1187 qnod
1225 1102 1253 1166 si
1275 1102 1371 1166 aliter

412 1217 644 1298 presumptum
668 1208 777 1287 ruent,
800 1207 884 1272 nnn
909 1206 980 1285 eet,
1004 1205 1062 1270 seo
1086 1205 1208 1270 viribus
1233 1204 1370 1270 omnino
1504 1271 1507 1273 Α
1601 1174 1602 1179 '

410 1315 556 1382 carebit?

547 1618 767 1686 EPISvOLA
789 1617 1060 1685 cumn-ss
1076 1635 1231 1680 nonusis,

415 1771 552 1836 Domino
569 1771 637 1854 sepi
656 1772 796 1835 domimo
812 1771 1046 1847 Leudosiiensm
1061 1769 1191 1832 salutem
1208 1771 1239 1829 es
1252 1765 1373 1832 orneris

471 1875 614 1939 intimam
628 1875 666 1938 de
680 1875 758 1958 ipsis
771 1875 875 1939 cordis
888 1874 938 1938 sui
951 1873 1094 1938 medullis
1107 1871 1310 1954 affectionem.

459 2025 613 2104 Veserm,
629 2025 769 2106 domine,
784 2025 967 2091 celsitudini
986 2023 1125 2089 scribere
1143 2021 1278 2099 tnrdsvi,
1293 2018 1373 2103 quis

416 2149 487 2212 quae
506 2128 546 2191 de
561 2128 702 2193 eeclesiis
721 2129 815 2212 regni
828 2127 927 2194 vestri
945 2134 1037 2212 gestu
1056 2131 1144 2203 sunt,
1159 2123 1249 2190 vobis
1266 2121 1370 2205 prius·

415 2251 512 2314 quum
536 2252 662 2314 possem
687 2232 837 2311 scribere,
860 2253 919 2316 per
942 2230 1076 2296 nuntios
1094 2227 1235 2313 justicia
1256 2232 1373 2288 vestrae

415 2334 621 2400 manifestate
640 2335 738 2400 fnisse
757 2335 902 2419 cognovi.
946 2335 1048 2399 Nunc
1067 2339 1179 2400 eutem
1197 2329 1301 2394 scribo
1319 2328 1373 2390 vel

417 2459 498 2516 sero,
523 2446 556 2504 et
576 2437 618 2504 ob
642 2439 705 2504 Dei
728 2439 978 2504 misericordium
1002 2436 1137 2522 supplex
1162 2434 1303 2509 obsecro,
1327 2451 1372 2494 ne

419 2537 499 2603 mihi
521 2537 766 2604 detrahentibus
789 2537 1007 2622 acquiescatis,
1029 2558 1072 2600 ue
1093 2532 1259 2600 monachis
1282 2530 1371 2594 Con-

416 2642 531 2708 tueriae
551 2642 587 2707 in
609 2642 659 2706 his
675 2664 746 2727 quae
760 2643 904 2728 maligne
921 2643 1101 2726 loquuntur
1119 2638 1289 2702 adversum
1309 2655 1374 2712 me,

418 2743 515 2808 tidem
545 2743 746 2826 eliqnctenns
775 2743 930 2808 habentis
989 2742 1095 2808 Aiunt
1129 2739 1218 2804 enim
1248 2757 1301 2802 me
1329 2735 1375 2800 nd

417 2846 725 2930 archiepiscopatum
747 2847 1015 2912 Centunneusem
1036 2842 1169 2922 ambire,
1190 2849 1224 2906 et
1247 2841 1289 2905 ob
1310 2839 1375 2903 hoc

418 2949 591 3014 electiones
613 2971 692 3034 quus
712 2949 752 3014 de
774 2949 844 3014 eliis
865 2950 1000 3030 iaciunt,
1014 2947 1118 3013 modis
1140 2943 1290 3010 omnibus
1311 2942 1373 3005 im·

418 3053 537 3138 pedire.
582 3053 684 3118 Novit
705 3053 774 3137 ipse
798 3053 854 3139 qui
874 3053 992 3118 veritos
1016 3058 1076 3131 est,
1101 3050 1230 3114 nullum
1254 3047 1373 3112 horum

417 3177 529 3220 verum
558 3177 637 3220 esse.
693 3156 735 3220 In
763 3156 965 3242 promotione
994 3177 1068 3220 mea
1096 3153 1201 3238 prims
1224 3149 1373 3216 Cluniuci

418 3259 505 3343 prior
538 3257 669 3342 quidem
703 3280 787 3341 snm,
807 3259 1004 3325 constitutus
1033 3259 1070 3322 in
1101 3257 1224 3335 ordine,
1255 3254 1375 3318 dehinc

418 3363 507 3447 prior
529 3361 667 3428 Abbatis
689 3363 794 3430 Vfflae.
841 3363 930 3428 Hinc
955 3362 1056 3428 obbas
1079 3360 1277 3438 Glocestriae,
1300 3364 1375 3442 post

418 3466 583 3550 episeopus
596 3465 864 3531 Hereiordiensis.
889 3467 979 3532 Hinc
992 3466 1172 3532 trunslstus
1184 3463 1374 3540 Londoniae,

419 3568 619 3634 confidenter
642 3589 757 3648 assero,
781 3570 867 3653 quod
888 3570 930 3635 ud
955 3571 1084 3634 nullum
1105 3570 1224 3634 horum
1246 3566 1376 3644 ambivi,

419 3691 556 3754 quorum
570 3677 681 3735 tumen
696 3673 960 3757 unumquodque,
979 3673 1188 3757 permittente
1202 3672 1283 3750 Deo,
1298 3691 1374 3734 con-

419 3781 591 3859 sequenter
605 3774 743 3840 obtinui.
781 3776 825 3839 In
839 3777 970 3840 secretis
983 3777 1092 3862 itaque
1105 3774 1211 3840 cordis
1224 3773 1290 3838 mei
1303 3773 1376 3837 dico

419 3878 562 3944 Domino
575 3879 646 3946 Deo
660 3899 743 3958 meo,
759 3879 846 3963 quod
864 3879 982 3944 sufficit
996 3879 1077 3944 mihi
1097 3878 1206 3964 grutio'
1220 3899 1288 3955 sus,
1304 3876 1377 3940 dico

419 3989 452 4048 et
467 3981 555 4048 vobis
570 3982 701 4048 domino
716 4004 788 4048 meo
799 3984 972 4062 carissimo,
985 3982 1072 4067 quod
1084 3983 1280 4046 sufficienter
1295 3979 1378 4044 mihi

419 4085 455 4150 in
483 4085 534 4152 his
559 4086 689 4152 indultu
712 4109 732 4151 s
757 4087 846 4152 vobis
869 4086 1100 4170 benignissime
1131 4085 1235 4168 gratio
1260 4089 1374 4147 vestre.

418 4189 552 4254 Avertat
567 4211 587 4253 s
602 4211 655 4254 me
669 4190 829 4254 Dominus
849 4190 933 4254 huuc
953 4190 1173 4274 cupiditatem.
1206 4191 1341 4252 Avertat
1355 4207 1377 4248 s

418 4293 507 4356 vobis
525 4291 740 4378 Omnipotens
759 4315 924 4358 assensum
944 4294 980 4357 in
1002 4295 1063 4356 hoc
1085 4291 1250 4376 praebendi
1272 4289 1376 4354 omni·
