3225 5192
273 681 556 765 s.n.l161-89.]
605 701 1037 750 nonnonrnnsrsnrrsuoum.
1162 688 1223 750 281

276 819 409 901 Deoque
423 817 540 901 placito
555 818 732 884 certamine
742 819 965 885 decertassem.
990 821 1038 885 At
1052 827 1226 905 martyrem

275 942 342 986 non
356 943 453 1006 poena
466 922 553 1001 facit,
569 922 625 986 sed
641 943 746 1002 causa,
762 923 845 987 dura
858 931 969 989 sancte
983 925 1106 1008 perpeti
1126 925 1228 1008 gloria

277 1032 335 1104 est,
361 1024 516 1109 improbe,
539 1025 757 1109 pertinaciter,
779 1026 968 1109 ignominia.
1013 1027 1078 1090 Pro
1099 1027 1245 1090 Christo.

277 1128 384 1192 subire
413 1128 556 1212 gladium
586 1137 812 1194 consummata
845 1130 916 1194 laus
946 1136 995 1193 est
1024 1137 1058 1194 ct
1086 1129 1228 1208 victoria,

277 1231 365 1295 hunc
384 1231 420 1295 in
440 1253 474 1295 se
492 1239 615 1296 temere
635 1252 805 1315 provocare
825 1233 890 1296 late
909 1239 1024 1316 patens
1042 1231 1178 1309 insania,
1197 1239 1231 1295 et

278 1333 433 1412 sinestra,
449 1341 549 1418 pater,
567 1355 635 1398 non
655 1335 759 1398 solum
775 1335 862 1398 dicta
881 1356 992 1398 verum
1012 1335 1098 1400 facta
1117 1355 1231 1418 pense-

277 1459 360 1517 mus,
376 1437 411 1501 iu
428 1445 564 1502 mortem
579 1458 640 1502 nec
653 1444 785 1516 temere,
801 1459 863 1502 nec
876 1438 991 1502 leviter
1004 1437 1231 1522 impingemus.

278 1540 367 1603 Nam
387 1563 474 1623 genu
489 1541 713 1605 Clarendoniae
733 1541 906 1619 curvando,
928 1541 1040 1624 fugam
1054 1541 1232 1604 Northam-
1305 1621 1309 1630 ¹

278 1642 376 1708 toniae
405 1643 558 1722 ineundo,
585 1650 712 1708 mutato
738 1643 780 1706 ad
805 1651 935 1727 tempus
963 1643 1078 1707 habitu
1103 1643 1232 1707 delites-

280 1745 392 1824 cendo,
413 1768 432 1809 e
450 1747 544 1829 regui
565 1746 684 1810 finibus
706 1747 789 1810 clam
812 1745 1010 1830 emigrando,
1026 1745 1110 1829 quid
1125 1753 1233 1810 actum

281 1850 352 1914 est?
376 1849 453 1934 qnid
475 1850 546 1914 haec
568 1850 694 1933 agendo
716 1850 934 1934 procurastis?
957 1850 1020 1914 nisi
1040 1850 1127 1935 quod
1148 1872 1234 1913 mor-

282 1959 349 2018 tens
365 1973 462 2036 quam
476 1975 572 2020 nemo
587 1953 783 2036 dignabatur
804 1954 934 2033 inferre,
949 1961 1017 2018 tam
1031 1953 1166 2017 sollicite
1180 1951 1235 2015 de-

283 2055 449 2120 clinastis?
493 2057 564 2125 Nos
587 2057 688 2140 igitur
710 2056 751 2120 ad
773 2065 912 2124 mortem
932 2078 997 2140 qus
1015 2057 1123 2121 fronte
1145 2063 1237 2140 pater

283 2159 451 2241 invitastis,
467 2182 564 2245 quam
578 2183 634 2226 vos
654 2168 686 2226 et
706 2162 894 2226 formidasse
914 2169 948 2227 et
968 2163 1089 2246 fugisse
1107 2161 1235 2225 indiciis

284 2269 352 2326 tam
373 2264 552 2328 manifestis
574 2264 637 2329 toti
660 2265 783 2330 mundo
805 2265 878 2329 luce
898 2265 1015 2329 clarius
1039 2264 1236 2332 ostendistis.

286 2366 366 2432 Quae
386 2389 440 2431 vos
460 2367 574 2431 suadet
594 2365 719 2446 caritas,
740 2367 835 2432 uobis
856 2389 938 2431 onus
959 2368 1135 2451 imponere,
1151 2366 1237 2451 quod

284 2469 467 2553 abjecistis?
514 2469 648 2532 Gladius
671 2470 765 2534 nobis
789 2471 949 2550 imminet,
974 2491 1070 2554 quem
1095 2471 1234 2552 fugistis,

284 2572 321 2636 in
341 2591 436 2654 quem
459 2571 562 2635 funda
579 2572 686 2654 jacere
709 2593 775 2636 non
794 2572 951 2638 ‘dimicare
973 2572 1152 2637 comminus
1175 2573 1239 2636 ele-

287 2674 388 2757 gistis.
435 2674 488 2738 Ad
508 2673 646 2738 similem
666 2675 749 2739 forte
768 2675 881 2757 fugam
900 2696 960 2739 nos
979 2675 1149 2740 invitastis.
1193 2676 1240 2739 At
1367 2713 1373 2726 ·
1428 2686 1432 2695 “

287 2779 381 2842 nobis
400 2800 489 2843 mare
508 2779 654 2844 clausum
675 2786 734 2858 est,
751 2785 783 2844 et
803 2785 877 2862 post
892 2779 1072 2862 digressum
1086 2786 1239 2857 vestrum,

288 2903 383 2947 naves
403 2881 496 2947 nobis
516 2889 594 2946 sunt
614 2903 726 2946 omnes
746 2889 779 2946 et
801 2891 914 2966 portus
933 2881 1073 2946 inhibiti.
1120 2882 1242 2945 Insulae

288 2992 446 3050 terrarum
470 2987 611 3051 claustra
633 3006 746 3070 regum
772 2986 946 3050 fortissima
971 2992 1059 3064 sunt,
1081 2984 1169 3050 unde
1190 2985 1242 3048 vix

289 3091 421 3155 evadere
435 3091 485 3154 vel
500 3111 534 3155 se
549 3090 618 3174 quis
633 3091 717 3156 valet
733 3091 892 3174 expedire.
935 3091 970 3154 Si
986 3090 1079 3155 nobis
1094 3113 1242 3175 pugnan-

289 3193 365 3258 dum
393 3201 452 3273 est,
480 3193 520 3257 de
545 3193 688 3277 proximo
714 3194 958 3259 contendemus.
1005 3195 1041 3258 Si
1065 3216 1140 3259 cum
1165 3215 1243 3277 rege

288 3317 400 3380 pugna
419 3296 607 3374 conseritur,
628 3296 716 3360 unde
738 3298 955 3380 percutiemus
978 3297 1094 3381 gladio,
1114 3319 1174 3360 nos
1195 3296 1242 3361 ibi

290 3399 415 3483 gladius
437 3399 682 3482 repercutientis
703 3399 857 3480 inveniet,
872 3401 961 3465 unde
978 3401 1096 3464 vulnus
1117 3400 1242 3483 inflige·
1310 3387 1314 3394 ⁵

290 3523 372 3579 mus,
388 3501 522 3565 vulnera
536 3500 695 3566 declinare
710 3501 926 3585 nequibimus.
972 3503 1016 3566 Et
1032 3501 1132 3566 annui
1146 3501 1244 3566 vestri

291 3604 413 3667 reditus
428 3602 575 3686 nunquid
598 3602 687 3667 vobis
709 3605 795 3668 tanti
817 3612 895 3669 sunt
914 3613 953 3670 ut
972 3605 1109 3669 flauum
1124 3611 1243 3668 vestro-

291 3728 363 3770 rum
380 3707 536 3790 sanguine
551 3705 640 3771 vobis
655 3708 713 3772 hos
728 3708 833 3772 velitis
847 3709 983 3792 adquiri.
1029 3709 1075 3772 At
1090 3708 1179 3772 Juds
1195 3729 1244 3772 re·

291 3817 442 3893 portante
456 3809 627 3893 pecuniam
637 3809 722 3876 hanc
734 3811 755 3874 J
756 3811 841 3875 udaei
855 3821 1049 3895 respuerunt
1060 3833 1157 3895 quam
1173 3833 1245 3874 san-

293 3913 400 3996 guinis
424 3933 493 3976 esse
517 3911 658 3996 pretium
683 3921 894 3994 agnoverunt.
941 3915 1007 3979 Sed
1029 3914 1124 3978 aliam
1151 3913 1245 3977 uobis

293 4037 422 4080 causam
440 4015 575 4080 fortasse
595 4017 783 4100 proponitis.
830 4017 1006 4080 Paululum
1018 4017 1129 4100 itaque
1144 4016 1246 4079 diver-

292 4125 410 4197 tamus,
435 4125 474 4181 ut
503 4118 614 4182 mortis
644 4117 737 4182 nobis
768 4119 942 4183 suadendae
965 4141 1094 4184 causam
1119 4117 1246 4201 plenius

294 4221 510 4285 attendamus.
557 4220 685 4284 Gratias
707 4221 859 4302 Domino,
882 4223 974 4286 nulla
995 4242 1094 4305 penes
1115 4241 1174 4282 nos
1197 4227 1246 4281 est

294 4323 335 4388 de
350 4323 413 4387 fide
427 4323 603 4403 contentio,
619 4325 658 4388 de
674 4327 882 4390 sacramentis
904 4326 1003 4402 nulla,
1020 4323 1110 4387 nulla
1123 4323 1163 4386 de
1177 4343 1245 4385 mo·
