3225 5192
258 675 324 718 nn.
344 655 540 738 nol-sa]
591 674 831 720 uosuouncners
847 675 1024 719 urssroun.
1147 660 1211 722 275

258 791 336 871 dini,
362 791 449 875 quod
470 792 594 857 dictum
616 799 665 856 est
687 813 784 876 super
806 801 954 877 exspreto
975 795 1130 859 mandato
1153 818 1212 860 suo

257 893 292 958 in
313 895 476 977 querolum
496 894 646 960 adversus
668 917 723 960 vos
743 917 822 960 usus
841 918 905 980 qua
924 897 1034 962 decuit
1054 898 1212 963 modestia

257 1004 289 1061 et
304 1003 474 1061 venustate
488 999 662 1082 proposuit.
690 999 789 1064 Porro
806 1000 891 1083 quod
906 1000 1057 1079 intendit,
1072 1002 1210 1065 fratrum
1235 996 1237 999 ’

258 1106 437 1164 vestrorum
455 1122 523 1164 non
542 1107 709 1185 expectato
723 1103 773 1166 vel
791 1104 933 1186 expetito
947 1104 1089 1181 consilio,
1106 1111 1212 1167 vestra

257 1201 474 1268 incontinenti
495 1203 652 1268 confessio
674 1205 886 1284 confirmavit,
909 1205 1062 1288 adjiciens
1085 1227 1141 1269 vos
1169 1206 1211 1269 ob

257 1303 293 1368 id
317 1326 384 1368 non
410 1305 554 1388 pertusae
579 1307 743 1385 mandato,
771 1307 858 1389 quod
884 1308 1051 1372 lohannes
1076 1308 1131 1373 ille
1157 1309 1213 1392 qui

257 1406 343 1490 regis
357 1407 398 1472 ad
412 1429 468 1472 vos
482 1408 674 1472 mandatum
693 1408 881 1492 pertulerat,
896 1409 932 1474 in
946 1418 1052 1474 vestra
1070 1432 1211 1495 praeseu-

258 1509 305 1573 tia
323 1531 391 1574 uon
412 1511 578 1594 evaugelio
598 1511 654 1576 sed
674 1513 815 1596 tropario
831 1511 971 1595 quodam
986 1514 1149 1596 proposito
1160 1515 1213 1598 ju-

258 1613 401 1678 ravisset.
445 1613 506 1678 Est
536 1613 646 1699 itaque
671 1614 795 1678 dictum
819 1614 1059 1694 incommune,
1083 1637 1214 1681 eausam

258 1736 325 1779 uon
344 1737 415 1780 eam
435 1737 505 1781 esse
525 1717 565 1780 ob
587 1738 683 1801 quam
703 1717 896 1782 mandatum
913 1718 1040 1801 regium
1054 1719 1212 1802 oportuis-

258 1823 308 1880 set
327 1818 480 1897 omisisse,
494 1819 651 1903 regnique
673 1819 741 1884 fore
764 1820 1032 1884 consuetudinem
1053 1821 1088 1884 in
1112 1821 1212 1885 offen-

259 1920 302 1984 sis
323 1921 509 2004 hujusmodi
531 1923 654 1988 mulcta
676 1923 862 2006 pecuniaria
881 1945 973 1988 suam
991 1945 1062 1988 rem
1079 1929 1213 1988 taxante

259 2022 474 2088 misericordia
497 2025 616 2108 placari
641 2047 770 2110 regem3
797 2027 905 2109 paruit
935 2025 1118 2090 sublimitas
1143 2047 1212 2089 ves-

258 2131 309 2190 tra
328 2128 498 2192 sentcntiae
518 2128 558 2193 ad
578 2130 710 2213 plenum
730 2150 846 2193 caveus
861 2151 958 2213 super
967 2129 1107 2213 judicati
1127 2129 1212 2193 solu-

258 2229 356 2309 tione,
371 2238 509 2296 vestram
527 2237 637 2296 tamen
655 2255 723 2298 non
741 2232 864 2299 latebat
879 2232 1084 2316 prudentium
1104 2231 1212 2296 decre·

259 2339 329 2396 tum
343 2334 425 2398 illud
439 2335 659 2418 apostolicum,
675 2335 761 2419 quod
779 2336 815 2398 in
834 2335 923 2399 hunc
936 2335 1070 2400 modum
1086 2356 1211 2419 expres-

259 2457 331 2500 sum
351 2443 419 2512 ost3
446 2437 566 2500 Nullus
586 2437 763 2520 episcopus,
783 2458 890 2520 neque
909 2459 967 2521 pro
987 2438 1082 2516 civili,
1104 2459 1212 2520 neque

258 2561 317 2623 pro
331 2538 490 2603 criminali
508 2559 604 2603 causa
625 2539 711 2622 apud
726 2539 870 2622 quemvis
887 2539 1042 2623 judicem,
1058 2540 1123 2603 sive
1137 2540 1212 2604 civi-

259 2642 334 2720 lem,
350 2641 415 2706 sive
434 2642 608 2707 militarem
631 2642 838 2726 producatur,
853 2643 904 2706 vel
926 2641 1125 2707 exhibeatur.
1168 2645 1214 2708 llt

259 2746 348 2824 illud,
373 2746 515 2810 Clericus
538 2745 624 2830 apud
646 2745 824 2810 secularem
845 2746 988 2831 judicem
1014 2745 1042 2808 si
1066 2745 1214 2828 pulsatus

259 2849 365 2928 fuerit,
381 2871 448 2912 non
470 2849 663 2933 respondeat
684 2855 741 2914 aut
763 2854 931 2932 proponat.
976 2848 1021 2912 Et
1044 2847 1124 2911 illud
1149 2849 1213 2914 Ge-

258 2949 329 3014 lasii
350 2972 441 3034 papae
463 2951 504 3016 ad
528 2951 716 3035 Helpidium
739 2951 934 3035 episcopum,
951 2950 1027 3016 Quo
1042 2972 1133 3029 ausu,
1149 2973 1214 3036 qua

259 3047 441 3116 temeritate
455 3051 602 3116 rescribis
613 3052 655 3116 ad
667 3053 857 3118 Ravennam
870 3061 906 3118 te
920 3075 1032 3137 parare
1046 3053 1213 3137 proficisci,

260 3176 334 3220 cum
360 3176 499 3220 canones
525 3155 689 3220 evidenter
713 3156 902 3240 praecipiant
927 3157 1057 3221 nullum
1078 3158 1213 3223 omniuo

260 3259 452 3343 pontificum
480 3259 544 3323 nisi
573 3259 668 3324 nobis
697 3265 773 3324 aute
802 3259 877 3324 visis
906 3267 964 3326 aut
989 3261 1143 3325 consultis
1172 3261 1215 3324 ad

261 3362 451 3427 comitatum
467 3361 584 3426 debere
599 3363 818 3428 contendere?
850 3363 915 3428 Sed
929 3364 998 3427 haec
1012 3363 1118 3428 altiori
1131 3363 1215 3428 forte

261 3465 396 3530 scientia
414 3471 447 3530 et
466 3465 582 3549 spiritu
601 3464 733 3530 clariore
752 3466 943 3545 discernitis,
959 3472 992 3530 et
1008 3466 1082 3550 quia
1103 3489 1214 3550 regem

259 3569 370 3632 unctio
382 3567 489 3632 divina
500 3568 690 3648 sanctificat,
701 3569 858 3652 unguitur
868 3569 898 3632 ei
912 3589 1029 3635 manus
1043 3568 1079 3633 in
1094 3570 1213 3634 sancti·

260 3679 361 3736 tatem
377 3691 518 3755 operum,
533 3670 737 3736 brachiorum
751 3693 855 3736 nexus
874 3672 911 3735 in
930 3672 1113 3737 castitatem
1126 3694 1213 3737 com-

259 3775 423 3859 plexuum,
439 3781 551 3858 pectus
565 3775 601 3838 in
622 3773 726 3839 cordis
744 3775 950 3855 munditiam,
966 3775 1104 3860 scapula
1117 3776 1153 3840 in
1167 3777 1214 3840 la·

261 3877 347 3942 boris
362 3899 419 3960 pro
435 3877 564 3942 Christo
584 3877 800 3942 tolerantiam.
846 3877 1028 3943 Chrismate
1047 3885 1144 3962 caput
1163 3879 1215 3942 in·

261 3981 420 4060 funditur,
434 3988 474 4045 ut
496 3981 675 4046 secumdum
695 3981 863 4046 Christum
877 4003 897 4045 a
912 4003 975 4064 quo
990 3981 1130 4046 chrisma
1149 3981 1214 4045 dic·

260 4091 332 4148 tum
344 4091 447 4163 est,et
458 4085 528 4169 ejus
539 4084 671 4150 nomine
680 4091 913 4164 consecratum,
923 4091 999 4169 apto
1010 4103 1136 4166 semper
1145 4103 1214 4145 mo-

263 4187 426 4252 deramine
444 4187 574 4252 studeat
589 4187 650 4252 sibi
664 4187 788 4252 credita
801 4187 995 4271 dispensare,
1010 4186 1116 4268 ipsum
1131 4205 1151 4246 a
1165 4204 1215 4246 oe-

266 4291 344 4355 teris
356 4291 534 4371 secernitis,
545 4298 579 4356 et
586 4291 729 4373 judicem
740 4313 809 4356 non
819 4291 994 4355 secularem
1006 4287 1216 4365 solummodo,

710 4397 765 4457 r2
