<?xml version="1.0" encoding="UTF-8"?>
<!DOCTYPE html PUBLIC "-//W3C//DTD XHTML 1.0 Transitional//EN"
    "http://www.w3.org/TR/xhtml1/DTD/xhtml1-transitional.dtd">
<html xmlns="http://www.w3.org/1999/xhtml" xml:lang="en" lang="en">
 <head>
  <title>
</title>
<meta http-equiv="Content-Type" content="text/html;charset=utf-8" />
  <meta name='ocr-system' content='tesseract 3.04.00' />
  <meta name='ocr-capabilities' content='ocr_page ocr_carea ocr_par ocr_line ocrx_word'/>
</head>
<body>
  <div class='ocr_page' id='page_1' title='image "./gilbertiexabbat00gilegoog_0341.png"; bbox 0 0 3225 5192; ppageno 0'>
   <div class='ocr_carea' id='block_1_1' title="bbox 436 680 1078 742">
    <p class='ocr_par' dir='ltr' id='par_1_1' title="bbox 436 680 1078 742">
     <span class='ocr_line' id='line_1_1' title="bbox 436 680 1078 742; baseline -0.011 0"><span class='ocrx_word' id='word_1_1' title='bbox 436 680 502 742; x_wconf 79' lang='lat'><strong>300</strong></span> <span class='ocrx_word' id='word_1_2' title='bbox 749 691 910 737; x_wconf 75' lang='lat' dir='ltr'><strong>ortorum</strong></span> <span class='ocrx_word' id='word_1_3' title='bbox 928 691 1078 736; x_wconf 80' lang='lat' dir='ltr'><strong>rriscorr</strong></span> 
     </span>
    </p>
   </div>
   <div class='ocr_carea' id='block_1_2' title="bbox 500 1029 1326 1198">
    <p class='ocr_par' dir='ltr' id='par_1_2' title="bbox 500 1029 1326 1198">
     <span class='ocr_line' id='line_1_2' title="bbox 500 1029 1326 1098; baseline -0.005 0"><span class='ocrx_word' id='word_1_4' title='bbox 500 1029 721 1098; x_wconf 78' lang='lat' dir='ltr'><strong>EPISTOLA</strong></span> <span class='ocrx_word' id='word_1_5' title='bbox 743 1029 932 1096; x_wconf 61' lang='lat' dir='ltr'><strong>CCL—un</strong></span> <span class='ocrx_word' id='word_1_6' title='bbox 948 1049 1134 1094; x_wconf 77' lang='lat' dir='ltr'><strong>nosrrrou</strong></span> <span class='ocrx_word' id='word_1_7' title='bbox 1152 1049 1326 1094; x_wconf 79' lang='lat' dir='ltr'><strong>nrnrros·</strong></span> 
     </span>
     <span class='ocr_line' id='line_1_3' title="bbox 741 1153 1078 1198; baseline -0.006 0"><span class='ocrx_word' id='word_1_8' title='bbox 741 1153 894 1198; x_wconf 79' lang='lat' dir='ltr'><strong>nrrusrrs</strong></span> <span class='ocrx_word' id='word_1_9' title='bbox 910 1153 1078 1198; x_wconf 76' lang='lat' dir='ltr'><strong>rsrcruu.</strong></span> 
     </span>
    </p>
   </div>
   <div class='ocr_carea' id='block_1_3' title="bbox 440 1285 1390 1576">
    <p class='ocr_par' dir='ltr' id='par_1_3' title="bbox 440 1285 1390 1576">
     <span class='ocr_line' id='line_1_4' title="bbox 440 1285 1390 1368; baseline -0.001 -16"><span class='ocrx_word' id='word_1_10' title='bbox 440 1289 596 1352; x_wconf 79' lang='lat' dir='ltr'><strong>Gitbcrtur</strong></span> <span class='ocrx_word' id='word_1_11' title='bbox 610 1287 671 1350; x_wconf 77' lang='lat' dir='ltr'><strong>Dei</strong></span> <span class='ocrx_word' id='word_1_12' title='bbox 689 1288 796 1368; x_wconf 67' lang='lat' dir='ltr'><strong>cratia</strong></span> <span class='ocrx_word' id='word_1_13' title='bbox 810 1285 1035 1349; x_wconf 63' lang='lat' dir='ltr'><strong>mucciani-r</strong></span> <span class='ocrx_word' id='word_1_14' title='bbox 1049 1287 1208 1367; x_wconf 77' lang='lat' dir='ltr'><strong>episcopus</strong></span> <span class='ocrx_word' id='word_1_15' title='bbox 1221 1287 1343 1350; x_wconf 69' lang='lat' dir='ltr'><strong>dilectis</strong></span> <span class='ocrx_word' id='word_1_16' title='bbox 1356 1291 1390 1351; x_wconf 78' lang='lat' dir='ltr'><strong>iu</strong></span> 
     </span>
     <span class='ocr_line' id='line_1_5' title="bbox 481 1388 1390 1471; baseline -0.002 -15"><span class='ocrx_word' id='word_1_17' title='bbox 481 1392 613 1456; x_wconf 81' lang='lat' dir='ltr'><strong>Domino</strong></span> <span class='ocrx_word' id='word_1_18' title='bbox 641 1389 700 1452; x_wconf 78' lang='lat' dir='ltr'><strong>sici</strong></span> <span class='ocrx_word' id='word_1_19' title='bbox 726 1388 861 1452; x_wconf 79' lang='lat' dir='ltr'><strong>Robertc</strong></span> <span class='ocrx_word' id='word_1_20' title='bbox 889 1388 997 1452; x_wconf 81' lang='lat' dir='ltr'><strong>cadem</strong></span> <span class='ocrx_word' id='word_1_21' title='bbox 1021 1389 1133 1471; x_wconf 68' lang='lat' dir='ltr'><strong>qratia</strong></span> <span class='ocrx_word' id='word_1_22' title='bbox 1157 1389 1390 1470; x_wconf 78' lang='lat' dir='ltr'><strong>Heresordiemi</strong></span> 
     </span>
     <span class='ocr_line' id='line_1_6' title="bbox 480 1491 1326 1576; baseline -0.004 -17"><span class='ocrx_word' id='word_1_23' title='bbox 480 1496 585 1572; x_wconf 80' lang='lat' dir='ltr'><strong>electo,</strong></span> <span class='ocrx_word' id='word_1_24' title='bbox 600 1493 716 1576; x_wconf 72' lang='lat' dir='ltr'><strong>totique</strong></span> <span class='ocrx_word' id='word_1_25' title='bbox 730 1491 864 1574; x_wconf 63' lang='lat' dir='ltr'><strong>ciusdem</strong></span> <span class='ocrx_word' id='word_1_26' title='bbox 877 1491 1011 1554; x_wconf 74' lang='lat' dir='ltr'><strong>ecclesio</strong></span> <span class='ocrx_word' id='word_1_27' title='bbox 1025 1493 1171 1574; x_wconf 76' lang='lat' dir='ltr'><strong>capituto,</strong></span> <span class='ocrx_word' id='word_1_28' title='bbox 1186 1493 1326 1556; x_wconf 72' lang='lat' dir='ltr'><strong>edutem.</strong></span> 
     </span>
    </p>
   </div>
   <div class='ocr_carea' id='block_1_4' title="bbox 437 1640 1393 4097">
    <p class='ocr_par' dir='ltr' id='par_1_4' title="bbox 437 1640 1393 4097">
     <span class='ocr_line' id='line_1_7' title="bbox 482 1640 1389 1726; baseline -0.003 -16"><span class='ocrx_word' id='word_1_29' title='bbox 482 1645 567 1712; x_wconf 72' lang='lat' dir='ltr'><strong>QUAE</strong></span> <span class='ocrx_word' id='word_1_30' title='bbox 589 1643 631 1708; x_wconf 75' lang='lat' dir='ltr'><strong>ud</strong></span> <span class='ocrx_word' id='word_1_31' title='bbox 653 1663 764 1726; x_wconf 76' lang='lat' dir='ltr'><strong>pacem</strong></span> <span class='ocrx_word' id='word_1_32' title='bbox 788 1641 931 1706; x_wconf 66' lang='lat' dir='ltr'><strong>ecclesie</strong></span> <span class='ocrx_word' id='word_1_33' title='bbox 953 1640 1180 1706; x_wconf 75' lang='lat' dir='ltr'><strong>stabiliendum</strong></span> <span class='ocrx_word' id='word_1_34' title='bbox 1202 1663 1262 1706; x_wconf 90' lang='lat' dir='ltr'><strong>seu</strong></span> <span class='ocrx_word' id='word_1_35' title='bbox 1287 1645 1389 1707; x_wconf 86' lang='lat' dir='ltr'><strong>tutius</strong></span> 
     </span>
     <span class='ocr_line' id='line_1_8' title="bbox 437 1743 1390 1830; baseline -0.003 -17"><span class='ocrx_word' id='word_1_36' title='bbox 437 1746 648 1813; x_wconf 79' lang='lat' dir='ltr'><strong>muniendam</strong></span> <span class='ocrx_word' id='word_1_37' title='bbox 667 1745 828 1830; x_wconf 85' lang='lat' dir='ltr'><strong>pertinere</strong></span> <span class='ocrx_word' id='word_1_38' title='bbox 846 1743 1053 1822; x_wconf 83' lang='lat' dir='ltr'><strong>dinoscimus,</strong></span> <span class='ocrx_word' id='word_1_39' title='bbox 1072 1743 1112 1806; x_wconf 83' lang='lat' dir='ltr'><strong>iis</strong></span> <span class='ocrx_word' id='word_1_40' title='bbox 1131 1744 1322 1828; x_wconf 80' lang='lat' dir='ltr'><strong>diligentius</strong></span> <span class='ocrx_word' id='word_1_41' title='bbox 1341 1768 1390 1810; x_wconf 77' lang='lat' dir='ltr'><strong>cs-</strong></span> 
     </span>
     <span class='ocr_line' id='line_1_9' title="bbox 438 1846 1390 1932; baseline -0.003 -16"><span class='ocrx_word' id='word_1_42' title='bbox 438 1871 569 1917; x_wconf 88' lang='lat' dir='ltr'><strong>sensum</strong></span> <span class='ocrx_word' id='word_1_43' title='bbox 584 1849 670 1928; x_wconf 78' lang='lat' dir='ltr'><strong>dure,</strong></span> <span class='ocrx_word' id='word_1_44' title='bbox 685 1855 718 1913; x_wconf 87' lang='lat' dir='ltr'><strong>et</strong></span> <span class='ocrx_word' id='word_1_45' title='bbox 741 1854 777 1911; x_wconf 89' lang='lat' dir='ltr'><strong>ut</strong></span> <span class='ocrx_word' id='word_1_46' title='bbox 799 1847 836 1912; x_wconf 91' lang='lat' dir='ltr'><strong>in</strong></span> <span class='ocrx_word' id='word_1_47' title='bbox 853 1855 1046 1932; x_wconf 83' lang='lat' dir='ltr'><strong>perpetuum</strong></span> <span class='ocrx_word' id='word_1_48' title='bbox 1064 1846 1202 1911; x_wconf 75' lang='lat' dir='ltr'><strong>valituro</strong></span> <span class='ocrx_word' id='word_1_49' title='bbox 1222 1869 1390 1932; x_wconf 74' lang='lat' dir='ltr'><strong>permone-</strong></span> 
     </span>
     <span class='ocr_line' id='line_1_10' title="bbox 439 1946 1390 2031; baseline -0.004 -17"><span class='ocrx_word' id='word_1_50' title='bbox 439 1957 506 2028; x_wconf 74' lang='lat' dir='ltr'><strong>cmt,</strong></span> <span class='ocrx_word' id='word_1_51' title='bbox 527 1949 597 2014; x_wconf 84' lang='lat' dir='ltr'><strong>haec</strong></span> <span class='ocrx_word' id='word_1_52' title='bbox 616 1946 739 2031; x_wconf 87' lang='lat' dir='ltr'><strong>scriptis</strong></span> <span class='ocrx_word' id='word_1_53' title='bbox 759 1953 793 2010; x_wconf 91' lang='lat' dir='ltr'><strong>et</strong></span> <span class='ocrx_word' id='word_1_54' title='bbox 813 1946 1024 2010; x_wconf 84' lang='lat' dir='ltr'><strong>munimentis</strong></span> <span class='ocrx_word' id='word_1_55' title='bbox 1046 1946 1117 2009; x_wconf 76' lang='lat' dir='ltr'><strong>aliis</strong></span> <span class='ocrx_word' id='word_1_56' title='bbox 1138 1946 1290 2012; x_wconf 75' lang='lat' dir='ltr'><strong>roborare</strong></span> <span class='ocrx_word' id='word_1_57' title='bbox 1311 1949 1390 2012; x_wconf 80' lang='lat' dir='ltr'><strong>cori-</strong></span> 
     </span>
     <span class='ocr_line' id='line_1_11' title="bbox 438 2047 1391 2136; baseline -0.003 -18"><span class='ocrx_word' id='word_1_58' title='bbox 438 2059 506 2118; x_wconf 83' lang='lat' dir='ltr'><strong>tate</strong></span> <span class='ocrx_word' id='word_1_59' title='bbox 520 2052 556 2117; x_wconf 88' lang='lat' dir='ltr'><strong>id</strong></span> <span class='ocrx_word' id='word_1_60' title='bbox 569 2049 780 2136; x_wconf 76' lang='lat' dir='ltr'>proculdubio</span> <span class='ocrx_word' id='word_1_61' title='bbox 794 2057 988 2133; x_wconf 77' lang='lat' dir='ltr'><strong>urggerente</strong></span> <span class='ocrx_word' id='word_1_62' title='bbox 1002 2047 1166 2114; x_wconf 82' lang='lat' dir='ltr'><strong>debemus.</strong></span> <span class='ocrx_word' id='word_1_63' title='bbox 1196 2051 1247 2113; x_wconf 81' lang='lat' dir='ltr'><strong>Eo</strong></span> <span class='ocrx_word' id='word_1_64' title='bbox 1260 2060 1391 2135; x_wconf 84' lang='lat' dir='ltr'><strong>propter</strong></span> 
     </span>
     <span class='ocr_line' id='line_1_12' title="bbox 438 2153 1391 2238; baseline 0 -19"><span class='ocrx_word' id='word_1_65' title='bbox 438 2153 633 2220; x_wconf 71' lang='lat' dir='ltr'><strong>fisternituti</strong></span> <span class='ocrx_word' id='word_1_66' title='bbox 647 2161 760 2218; x_wconf 74' lang='lat' dir='ltr'><strong>vestrm</strong></span> <span class='ocrx_word' id='word_1_67' title='bbox 779 2153 930 2238; x_wconf 62' lang='lat' dir='ltr'><strong>presenti</strong></span> <span class='ocrx_word' id='word_1_68' title='bbox 949 2153 1068 2236; x_wconf 85' lang='lat' dir='ltr'><strong>scripto</strong></span> <span class='ocrx_word' id='word_1_69' title='bbox 1086 2153 1301 2232; x_wconf 71' lang='lat' dir='ltr'><strong>notificemus,</strong></span> <span class='ocrx_word' id='word_1_70' title='bbox 1316 2177 1391 2219; x_wconf 78' lang='lat' dir='ltr'><strong>cou-</strong></span> 
     </span>
     <span class='ocr_line' id='line_1_13' title="bbox 439 2256 1392 2341; baseline -0.001 -18"><span class='ocrx_word' id='word_1_71' title='bbox 439 2279 518 2337; x_wconf 81' lang='lat' dir='ltr'><strong>som,</strong></span> <span class='ocrx_word' id='word_1_72' title='bbox 528 2279 599 2341; x_wconf 83' lang='lat' dir='ltr'><strong>quae</strong></span> <span class='ocrx_word' id='word_1_73' title='bbox 607 2257 693 2321; x_wconf 88' lang='lat' dir='ltr'><strong>inter</strong></span> <span class='ocrx_word' id='word_1_74' title='bbox 702 2257 918 2322; x_wconf 79' lang='lat' dir='ltr'><strong>venerabilem</strong></span> <span class='ocrx_word' id='word_1_75' title='bbox 926 2256 1059 2320; x_wconf 78' lang='lat' dir='ltr'><strong>fratrem</strong></span> <span class='ocrx_word' id='word_1_76' title='bbox 1067 2263 1217 2320; x_wconf 88' lang='lat' dir='ltr'><strong>nostrum</strong></span> <span class='ocrx_word' id='word_1_77' title='bbox 1227 2259 1392 2340; x_wconf 79' lang='lat' dir='ltr'><strong>Rogormn</strong></span> 
     </span>
     <span class='ocr_line' id='line_1_14' title="bbox 438 2357 1389 2446; baseline -0.002 -20"><span class='ocrx_word' id='word_1_78' title='bbox 438 2361 577 2446; x_wconf 83' lang='lat' dir='ltr'>priorem</span> <span class='ocrx_word' id='word_1_79' title='bbox 592 2357 790 2438; x_wconf 81' lang='lat' dir='ltr'><strong>Mulrerniae,</strong></span> <span class='ocrx_word' id='word_1_80' title='bbox 806 2367 840 2423; x_wconf 89' lang='lat' dir='ltr'><strong>et</strong></span> <span class='ocrx_word' id='word_1_81' title='bbox 856 2361 1019 2443; x_wconf 80' lang='lat' dir='ltr'><strong>Bogerum</strong></span> <span class='ocrx_word' id='word_1_82' title='bbox 1035 2358 1233 2424; x_wconf 72' lang='lat' dir='ltr'><strong>sacerdotem</strong></span> <span class='ocrx_word' id='word_1_83' title='bbox 1248 2359 1289 2425; x_wconf 85' lang='lat' dir='ltr'><strong>de</strong></span> <span class='ocrx_word' id='word_1_84' title='bbox 1304 2361 1389 2424; x_wconf 86' lang='lat' dir='ltr'><strong>Len-</strong></span> 
     </span>
     <span class='ocr_line' id='line_1_15' title="bbox 437 2461 1390 2547; baseline 0.001 -19"><span class='ocrx_word' id='word_1_85' title='bbox 437 2464 511 2528; x_wconf 81' lang='lat' dir='ltr'><strong>hale</strong></span> <span class='ocrx_word' id='word_1_86' title='bbox 526 2467 625 2547; x_wconf 73' lang='lat' dir='ltr'><strong>super</strong></span> <span class='ocrx_word' id='word_1_87' title='bbox 636 2463 802 2528; x_wconf 82' lang='lat' dir='ltr'><strong>ecclesiam</strong></span> <span class='ocrx_word' id='word_1_88' title='bbox 823 2462 863 2526; x_wconf 90' lang='lat' dir='ltr'><strong>de</strong></span> <span class='ocrx_word' id='word_1_89' title='bbox 882 2461 1027 2526; x_wconf 66' lang='lat' dir='ltr'><strong>Iienhnle</strong></span> <span class='ocrx_word' id='word_1_90' title='bbox 1039 2461 1098 2525; x_wconf 87' lang='lat' dir='ltr'><strong>diu</strong></span> <span class='ocrx_word' id='word_1_91' title='bbox 1111 2463 1269 2528; x_wconf 76' lang='lat' dir='ltr'><strong>ventilata</strong></span> <span class='ocrx_word' id='word_1_92' title='bbox 1281 2471 1342 2541; x_wconf 86' lang='lat' dir='ltr'><strong>cst,</strong></span> <span class='ocrx_word' id='word_1_93' title='bbox 1357 2472 1390 2528; x_wconf 88' lang='lat' dir='ltr'><strong>et</strong></span> 
     </span>
     <span class='ocr_line' id='line_1_16' title="bbox 439 2565 1391 2651; baseline -0.002 -17"><span class='ocrx_word' id='word_1_94' title='bbox 439 2567 481 2634; x_wconf 92' lang='lat' dir='ltr'><strong>ob</strong></span> <span class='ocrx_word' id='word_1_95' title='bbox 502 2567 604 2633; x_wconf 76' lang='lat' dir='ltr'><strong>varios</strong></span> <span class='ocrx_word' id='word_1_96' title='bbox 623 2571 756 2632; x_wconf 84' lang='lat' dir='ltr'><strong>eventus</strong></span> <span class='ocrx_word' id='word_1_97' title='bbox 778 2587 887 2630; x_wconf 87' lang='lat' dir='ltr'><strong>rerum</strong></span> <span class='ocrx_word' id='word_1_98' title='bbox 909 2571 1072 2650; x_wconf 74' lang='lat' dir='ltr'><strong>protracto</strong></span> <span class='ocrx_word' id='word_1_99' title='bbox 1089 2565 1277 2650; x_wconf 85' lang='lat' dir='ltr'><strong>plurimum,</strong></span> <span class='ocrx_word' id='word_1_100' title='bbox 1296 2589 1391 2651; x_wconf 86' lang='lat' dir='ltr'><strong>super</strong></span> 
     </span>
     <span class='ocr_line' id='line_1_17' title="bbox 439 2668 1391 2757; baseline -0.002 -20"><span class='ocrx_word' id='word_1_101' title='bbox 439 2694 504 2757; x_wconf 82' lang='lat' dir='ltr'><strong>quo</strong></span> <span class='ocrx_word' id='word_1_102' title='bbox 532 2670 723 2736; x_wconf 77' lang='lat' dir='ltr'><strong>mandatum</strong></span> <span class='ocrx_word' id='word_1_103' title='bbox 753 2669 964 2753; x_wconf 73' lang='lat' dir='ltr'><strong>apostolicum</strong></span> <span class='ocrx_word' id='word_1_104' title='bbox 993 2668 1184 2752; x_wconf 79' lang='lat' dir='ltr'><strong>occepimus,</strong></span> <span class='ocrx_word' id='word_1_105' title='bbox 1207 2677 1246 2733; x_wconf 90' lang='lat' dir='ltr'><strong>ut</strong></span> <span class='ocrx_word' id='word_1_106' title='bbox 1274 2671 1306 2734; x_wconf 88' lang='lat' dir='ltr'><strong>ei</strong></span> <span class='ocrx_word' id='word_1_107' title='bbox 1335 2679 1391 2736; x_wconf 82' lang='lat' dir='ltr'><strong>aut</strong></span> 
     </span>
     <span class='ocr_line' id='line_1_18' title="bbox 439 2771 1391 2857; baseline -0.003 -17"><span class='ocrx_word' id='word_1_108' title='bbox 439 2775 538 2840; x_wconf 88' lang='lat' dir='ltr'><strong>finem</strong></span> <span class='ocrx_word' id='word_1_109' title='bbox 560 2772 720 2838; x_wconf 74' lang='lat' dir='ltr'><strong>amicabili</strong></span> <span class='ocrx_word' id='word_1_110' title='bbox 741 2771 972 2855; x_wconf 77' lang='lat' dir='ltr'><strong>compositione</strong></span> <span class='ocrx_word' id='word_1_111' title='bbox 992 2771 1239 2855; x_wconf 79' lang='lat' dir='ltr'><strong>imponeremus,</strong></span> <span class='ocrx_word' id='word_1_112' title='bbox 1262 2781 1320 2838; x_wconf 83' lang='lat' dir='ltr'><strong>snt</strong></span> <span class='ocrx_word' id='word_1_113' title='bbox 1342 2775 1391 2857; x_wconf 87' lang='lat' dir='ltr'><strong>ip-</strong></span> 
     </span>
     <span class='ocr_line' id='line_1_19' title="bbox 440 2873 1391 2959; baseline -0.001 -16"><span class='ocrx_word' id='word_1_114' title='bbox 440 2901 509 2944; x_wconf 82' lang='lat' dir='ltr'><strong>som</strong></span> <span class='ocrx_word' id='word_1_115' title='bbox 528 2877 646 2942; x_wconf 79' lang='lat' dir='ltr'><strong>auditis</strong></span> <span class='ocrx_word' id='word_1_116' title='bbox 666 2875 830 2959; x_wconf 84' lang='lat' dir='ltr'><strong>utrimque</strong></span> <span class='ocrx_word' id='word_1_117' title='bbox 843 2873 999 2958; x_wconf 67' lang='lat' dir='ltr'><strong>portibus,</strong></span> <span class='ocrx_word' id='word_1_118' title='bbox 1014 2875 1170 2940; x_wconf 79' lang='lat' dir='ltr'><strong>canonico</strong></span> <span class='ocrx_word' id='word_1_119' title='bbox 1183 2875 1250 2942; x_wconf 85' lang='lat' dir='ltr'><strong>fine</strong></span> <span class='ocrx_word' id='word_1_120' title='bbox 1265 2877 1391 2942; x_wconf 77' lang='lat' dir='ltr'><strong>clocide-</strong></span> 
     </span>
     <span class='ocr_line' id='line_1_20' title="bbox 440 2975 1391 3064; baseline -0.001 -17"><span class='ocrx_word' id='word_1_121' title='bbox 440 3003 558 3060; x_wconf 88' lang='lat' dir='ltr'><strong>remus,</strong></span> <span class='ocrx_word' id='word_1_122' title='bbox 579 2981 614 3044; x_wconf 91' lang='lat' dir='ltr'><strong>in</strong></span> <span class='ocrx_word' id='word_1_123' title='bbox 633 2977 804 3064; x_wconf 78' lang='lat' dir='ltr'><strong>praesentic</strong></span> <span class='ocrx_word' id='word_1_124' title='bbox 817 2985 924 3043; x_wconf 83' lang='lat' dir='ltr'><strong>vestro</strong></span> <span class='ocrx_word' id='word_1_125' title='bbox 936 2976 999 3043; x_wconf 89' lang='lat' dir='ltr'><strong>hoc</strong></span> <span class='ocrx_word' id='word_1_126' title='bbox 1012 2975 1146 3042; x_wconf 68' lang='lat' dir='ltr'><strong>tandem</strong></span> <span class='ocrx_word' id='word_1_127' title='bbox 1161 2980 1391 3063; x_wconf 81' lang='lat' dir='ltr'><strong>conquievisse,</strong></span> 
     </span>
     <span class='ocr_line' id='line_1_21' title="bbox 439 3078 1392 3168; baseline -0.001 -19"><span class='ocrx_word' id='word_1_128' title='bbox 439 3093 473 3150; x_wconf 90' lang='lat' dir='ltr'><strong>et</strong></span> <span class='ocrx_word' id='word_1_129' title='bbox 486 3085 584 3148; x_wconf 86' lang='lat' dir='ltr'><strong>finem</strong></span> <span class='ocrx_word' id='word_1_130' title='bbox 600 3082 671 3167; x_wconf 82' lang='lat' dir='ltr'><strong>poci</strong></span> <span class='ocrx_word' id='word_1_131' title='bbox 685 3103 865 3165; x_wconf 79' lang='lat' dir='ltr'><strong>congruum</strong></span> <span class='ocrx_word' id='word_1_132' title='bbox 880 3079 1048 3165; x_wconf 81' lang='lat' dir='ltr'><strong>occepisse.</strong></span> <span class='ocrx_word' id='word_1_133' title='bbox 1091 3078 1271 3146; x_wconf 69' lang='lat' dir='ltr'><strong>Prodicus</strong></span> <span class='ocrx_word' id='word_1_134' title='bbox 1293 3085 1392 3168; x_wconf 85' lang='lat' dir='ltr'><strong>siqui-</strong></span> 
     </span>
     <span class='ocr_line' id='line_1_22' title="bbox 440 3183 1393 3269; baseline 0.002 -19"><span class='ocrx_word' id='word_1_135' title='bbox 440 3186 513 3250; x_wconf 89' lang='lat' dir='ltr'><strong>dem</strong></span> <span class='ocrx_word' id='word_1_136' title='bbox 529 3187 675 3269; x_wconf 85' lang='lat' dir='ltr'><strong>Rogerus</strong></span> <span class='ocrx_word' id='word_1_137' title='bbox 694 3183 735 3249; x_wconf 86' lang='lat' dir='ltr'><strong>dc</strong></span> <span class='ocrx_word' id='word_1_138' title='bbox 755 3183 900 3248; x_wconf 79' lang='lat' dir='ltr'><strong>Lenhule</strong></span> <span class='ocrx_word' id='word_1_139' title='bbox 915 3184 971 3268; x_wconf 85' lang='lat' dir='ltr'><strong>jus</strong></span> <span class='ocrx_word' id='word_1_140' title='bbox 990 3183 1131 3248; x_wconf 70' lang='lat' dir='ltr'><strong>ecclesie</strong></span> <span class='ocrx_word' id='word_1_141' title='bbox 1150 3183 1191 3248; x_wconf 89' lang='lat' dir='ltr'><strong>de</strong></span> <span class='ocrx_word' id='word_1_142' title='bbox 1210 3185 1393 3252; x_wconf 81' lang='lat' dir='ltr'><strong>Molvernio</strong></span> 
     </span>
     <span class='ocr_line' id='line_1_23' title="bbox 440 3287 1391 3373; baseline -0.001 -19"><span class='ocrx_word' id='word_1_143' title='bbox 440 3288 474 3354; x_wconf 90' lang='lat' dir='ltr'><strong>in</strong></span> <span class='ocrx_word' id='word_1_144' title='bbox 490 3289 659 3372; x_wconf 72' lang='lat' dir='ltr'><strong>soepulicts</strong></span> <span class='ocrx_word' id='word_1_145' title='bbox 669 3287 802 3353; x_wconf 81' lang='lat' dir='ltr'><strong>ecclesis</strong></span> <span class='ocrx_word' id='word_1_146' title='bbox 816 3287 857 3352; x_wconf 89' lang='lat' dir='ltr'><strong>de</strong></span> <span class='ocrx_word' id='word_1_147' title='bbox 871 3287 1017 3352; x_wconf 69' lang='lat' dir='ltr'><strong>Isenhulo</strong></span> <span class='ocrx_word' id='word_1_148' title='bbox 1030 3307 1272 3372; x_wconf 80' lang='lat' dir='ltr'><strong>recognoscens,</strong></span> <span class='ocrx_word' id='word_1_149' title='bbox 1287 3290 1391 3373; x_wconf 78' lang='lat' dir='ltr'><strong>ipsam</strong></span> 
     </span>
     <span class='ocr_line' id='line_1_24' title="bbox 439 3390 1392 3474; baseline -0.001 -17"><span class='ocrx_word' id='word_1_150' title='bbox 439 3393 474 3457; x_wconf 90' lang='lat' dir='ltr'><strong>in</strong></span> <span class='ocrx_word' id='word_1_151' title='bbox 495 3415 594 3458; x_wconf 85' lang='lat' dir='ltr'><strong>manu</strong></span> <span class='ocrx_word' id='word_1_152' title='bbox 614 3399 725 3458; x_wconf 79' lang='lat' dir='ltr'><strong>nostru</strong></span> <span class='ocrx_word' id='word_1_153' title='bbox 743 3391 928 3474; x_wconf 78' lang='lat' dir='ltr'><strong>resignavit,</strong></span> <span class='ocrx_word' id='word_1_154' title='bbox 949 3399 983 3455; x_wconf 87' lang='lat' dir='ltr'><strong>ct</strong></span> <span class='ocrx_word' id='word_1_155' title='bbox 1001 3390 1140 3474; x_wconf 80' lang='lat' dir='ltr'><strong>priorem</strong></span> <span class='ocrx_word' id='word_1_156' title='bbox 1162 3392 1328 3456; x_wconf 77' lang='lat' dir='ltr'><strong>ecclesiam</strong></span> <span class='ocrx_word' id='word_1_157' title='bbox 1350 3393 1392 3456; x_wconf 89' lang='lat' dir='ltr'><strong>de</strong></span> 
     </span>
     <span class='ocr_line' id='line_1_25' title="bbox 440 3493 1393 3578; baseline 0.003 -21"><span class='ocrx_word' id='word_1_158' title='bbox 440 3493 620 3558; x_wconf 82' lang='lat' dir='ltr'><strong>Mulvernic</strong></span> <span class='ocrx_word' id='word_1_159' title='bbox 634 3515 691 3578; x_wconf 86' lang='lat' dir='ltr'><strong>per</strong></span> <span class='ocrx_word' id='word_1_160' title='bbox 704 3514 839 3557; x_wconf 85' lang='lat' dir='ltr'><strong>manum</strong></span> <span class='ocrx_word' id='word_1_161' title='bbox 853 3503 997 3557; x_wconf 78' lang='lat' dir='ltr'><strong>nostrum</strong></span> <span class='ocrx_word' id='word_1_162' title='bbox 1013 3493 1186 3576; x_wconf 76' lang='lat' dir='ltr'><strong>apostolico</strong></span> <span class='ocrx_word' id='word_1_163' title='bbox 1200 3496 1393 3560; x_wconf 74' lang='lat' dir='ltr'><strong>auctoritate</strong></span> 
     </span>
     <span class='ocr_line' id='line_1_26' title="bbox 439 3595 1393 3663; baseline 0.003 -3"><span class='ocrx_word' id='word_1_164' title='bbox 439 3596 551 3660; x_wconf 83' lang='lat' dir='ltr'><strong>ecdem</strong></span> <span class='ocrx_word' id='word_1_165' title='bbox 575 3596 717 3659; x_wconf 83' lang='lat' dir='ltr'><strong>investiri</strong></span> <span class='ocrx_word' id='word_1_166' title='bbox 739 3596 905 3660; x_wconf 75' lang='lat' dir='ltr'><strong>concessit.</strong></span> <span class='ocrx_word' id='word_1_167' title='bbox 952 3595 1027 3661; x_wconf 80' lang='lat' dir='ltr'><strong>Quo</strong></span> <span class='ocrx_word' id='word_1_168' title='bbox 1049 3596 1159 3661; x_wconf 81' lang='lat' dir='ltr'><strong>debito</strong></span> <span class='ocrx_word' id='word_1_169' title='bbox 1187 3598 1393 3663; x_wconf 76' lang='lat' dir='ltr'><strong>solemnitate</strong></span> 
     </span>
     <span class='ocr_line' id='line_1_27' title="bbox 441 3697 1392 3783; baseline 0.007 -23"><span class='ocrx_word' id='word_1_170' title='bbox 441 3705 578 3782; x_wconf 81' lang='lat' dir='ltr'><strong>peracto,</strong></span> <span class='ocrx_word' id='word_1_171' title='bbox 594 3699 681 3782; x_wconf 91' lang='lat' dir='ltr'><strong>prior</strong></span> <span class='ocrx_word' id='word_1_172' title='bbox 700 3697 801 3762; x_wconf 87' lang='lat' dir='ltr'><strong>totius</strong></span> <span class='ocrx_word' id='word_1_173' title='bbox 820 3699 952 3783; x_wconf 79' lang='lat' dir='ltr'><strong>capituli</strong></span> <span class='ocrx_word' id='word_1_174' title='bbox 972 3700 1022 3764; x_wconf 85' lang='lat' dir='ltr'><strong>sni</strong></span> <span class='ocrx_word' id='word_1_175' title='bbox 1042 3721 1175 3765; x_wconf 73' lang='lat' dir='ltr'><strong>assensu</strong></span> <span class='ocrx_word' id='word_1_176' title='bbox 1189 3702 1325 3766; x_wconf 81' lang='lat' dir='ltr'><strong>eandem</strong></span> <span class='ocrx_word' id='word_1_177' title='bbox 1341 3723 1392 3768; x_wconf 85' lang='lat' dir='ltr'><strong>ec-</strong></span> 
     </span>
     <span class='ocr_line' id='line_1_28' title="bbox 439 3799 1393 3888; baseline 0.006 -24"><span class='ocrx_word' id='word_1_178' title='bbox 439 3799 568 3864; x_wconf 80' lang='lat' dir='ltr'><strong>clesiam</strong></span> <span class='ocrx_word' id='word_1_179' title='bbox 588 3799 650 3884; x_wconf 88' lang='lat' dir='ltr'><strong>ipsi</strong></span> <span class='ocrx_word' id='word_1_180' title='bbox 670 3801 797 3884; x_wconf 82' lang='lat' dir='ltr'><strong>Bogero</strong></span> <span class='ocrx_word' id='word_1_181' title='bbox 819 3822 877 3885; x_wconf 87' lang='lat' dir='ltr'><strong>per</strong></span> <span class='ocrx_word' id='word_1_182' title='bbox 897 3823 1030 3866; x_wconf 82' lang='lat' dir='ltr'><strong>monum</strong></span> <span class='ocrx_word' id='word_1_183' title='bbox 1053 3809 1198 3868; x_wconf 83' lang='lat' dir='ltr'><strong>nostram</strong></span> <span class='ocrx_word' id='word_1_184' title='bbox 1221 3806 1393 3888; x_wconf 75' lang='lat' dir='ltr'><strong>apostolico</strong></span> 
     </span>
     <span class='ocr_line' id='line_1_29' title="bbox 440 3903 1393 3991; baseline 0.006 -25"><span class='ocrx_word' id='word_1_185' title='bbox 440 3903 674 3968; x_wconf 84' lang='lat' dir='ltr'><strong>interveniente</strong></span> <span class='ocrx_word' id='word_1_186' title='bbox 689 3905 890 3983; x_wconf 76' lang='lat' dir='ltr'><strong>auctoritate,</strong></span> <span class='ocrx_word' id='word_1_187' title='bbox 906 3925 1015 3968; x_wconf 76' lang='lat' dir='ltr'><strong>annua</strong></span> <span class='ocrx_word' id='word_1_188' title='bbox 1029 3905 1171 3970; x_wconf 79' lang='lat' dir='ltr'><strong>dimidiae</strong></span> <span class='ocrx_word' id='word_1_189' title='bbox 1184 3927 1302 3971; x_wconf 67' lang='lat' dir='ltr'><strong>mum</strong></span> <span class='ocrx_word' id='word_1_190' title='bbox 1315 3928 1393 3991; x_wconf 85' lang='lat' dir='ltr'><strong>pen·</strong></span> 
     </span>
     <span class='ocr_line' id='line_1_30' title="bbox 442 4007 1393 4097; baseline 0.006 -27"><span class='ocrx_word' id='word_1_191' title='bbox 442 4007 531 4070; x_wconf 88' lang='lat' dir='ltr'><strong>sione</strong></span> <span class='ocrx_word' id='word_1_192' title='bbox 560 4007 595 4069; x_wconf 92' lang='lat' dir='ltr'><strong>in</strong></span> <span class='ocrx_word' id='word_1_193' title='bbox 624 4007 755 4097; x_wconf 79' lang='lat' dir='ltr'><strong>Poschs</strong></span> <span class='ocrx_word' id='word_1_194' title='bbox 773 4008 925 4073; x_wconf 79' lang='lat' dir='ltr'><strong>solvendo</strong></span> <span class='ocrx_word' id='word_1_195' title='bbox 950 4015 1020 4074; x_wconf 79' lang='lat' dir='ltr'><strong>totu</strong></span> <span class='ocrx_word' id='word_1_196' title='bbox 1042 4011 1109 4074; x_wconf 79' lang='lat' dir='ltr'><strong>vito</strong></span> <span class='ocrx_word' id='word_1_197' title='bbox 1133 4033 1193 4075; x_wconf 76' lang='lat' dir='ltr'><strong>suo</strong></span> <span class='ocrx_word' id='word_1_198' title='bbox 1216 4012 1393 4076; x_wconf 80' lang='lat' dir='ltr'><strong>tenendam</strong></span> 
     </span>
    </p>
   </div>
   <div class='ocr_carea' id='block_1_5' title="bbox 440 4107 1393 4404">
    <p class='ocr_par' dir='ltr' id='par_1_5' title="bbox 440 4107 1393 4404">
     <span class='ocr_line' id='line_1_31' title="bbox 441 4107 1393 4198; baseline 0.002 -22"><span class='ocrx_word' id='word_1_199' title='bbox 441 4109 607 4176; x_wconf 83' lang='lat' dir='ltr'><strong>concessit.</strong></span> <span class='ocrx_word' id='word_1_200' title='bbox 654 4107 727 4174; x_wconf 90' lang='lat' dir='ltr'><strong>Hoc</strong></span> <span class='ocrx_word' id='word_1_201' title='bbox 742 4111 839 4174; x_wconf 82' lang='lat' dir='ltr'><strong>etium</strong></span> <span class='ocrx_word' id='word_1_202' title='bbox 854 4111 889 4175; x_wconf 90' lang='lat' dir='ltr'><strong>in</strong></span> <span class='ocrx_word' id='word_1_203' title='bbox 904 4113 1047 4176; x_wconf 80' lang='lat' dir='ltr'><strong>caritatis</strong></span> <span class='ocrx_word' id='word_1_204' title='bbox 1062 4122 1276 4198; x_wconf 80' lang='lat' dir='ltr'><strong>augmentum</strong></span> <span class='ocrx_word' id='word_1_205' title='bbox 1292 4116 1393 4180; x_wconf 88' lang='lat' dir='ltr'><strong>totius</strong></span> 
     </span>
     <span class='ocr_line' id='line_1_32' title="bbox 440 4214 1392 4302; baseline 0.003 -23"><span class='ocrx_word' id='word_1_206' title='bbox 440 4214 573 4299; x_wconf 78' lang='lat' dir='ltr'><strong>capituli</strong></span> <span class='ocrx_word' id='word_1_207' title='bbox 595 4215 645 4278; x_wconf 86' lang='lat' dir='ltr'><strong>sui</strong></span> <span class='ocrx_word' id='word_1_208' title='bbox 667 4215 874 4278; x_wconf 75' lang='lat' dir='ltr'><strong>conniventis</strong></span> <span class='ocrx_word' id='word_1_209' title='bbox 894 4237 1053 4296; x_wconf 79' lang='lat' dir='ltr'><strong>annuens,</strong></span> <span class='ocrx_word' id='word_1_210' title='bbox 1069 4227 1108 4282; x_wconf 92' lang='lat' dir='ltr'><strong>ut</strong></span> <span class='ocrx_word' id='word_1_211' title='bbox 1122 4240 1197 4283; x_wconf 89' lang='lat' dir='ltr'><strong>cum</strong></span> <span class='ocrx_word' id='word_1_212' title='bbox 1220 4220 1392 4302; x_wconf 73' lang='lat' dir='ltr'><strong>praedictus</strong></span> 
     </span>
     <span class='ocr_line' id='line_1_33' title="bbox 442 4316 1393 4404; baseline 0.006 -23"><span class='ocrx_word' id='word_1_213' title='bbox 442 4319 587 4400; x_wconf 82' lang='lat' dir='ltr'><strong>Rogems</strong></span> <span class='ocrx_word' id='word_1_214' title='bbox 608 4327 663 4381; x_wconf 83' lang='lat' dir='ltr'><strong>sut</strong></span> <span class='ocrx_word' id='word_1_215' title='bbox 684 4317 749 4380; x_wconf 83' lang='lat' dir='ltr'><strong>vitu</strong></span> <span class='ocrx_word' id='word_1_216' title='bbox 769 4316 948 4398; x_wconf 84' lang='lat' dir='ltr'><strong>decesserit,</strong></span> <span class='ocrx_word' id='word_1_217' title='bbox 964 4329 1021 4384; x_wconf 82' lang='lat' dir='ltr'><strong>sut</strong></span> <span class='ocrx_word' id='word_1_218' title='bbox 1041 4342 1076 4384; x_wconf 87' lang='lat' dir='ltr'><strong>se</strong></span> <span class='ocrx_word' id='word_1_219' title='bbox 1096 4321 1137 4385; x_wconf 84' lang='lat' dir='ltr'><strong>cd</strong></span> <span class='ocrx_word' id='word_1_220' title='bbox 1157 4323 1284 4404; x_wconf 82' lang='lat' dir='ltr'><strong>frugem</strong></span> <span class='ocrx_word' id='word_1_221' title='bbox 1303 4324 1393 4387; x_wconf 84' lang='lat' dir='ltr'><strong>meli·</strong></span> 
     </span>
    </p>
   </div>
   <div class='ocr_carea' id='block_1_6' title="bbox 0 0 1625 5192">
    <p class='ocr_par' dir='ltr' id='par_1_6' title="bbox 0 0 1625 5192">
     <span class='ocr_line' id='line_1_34' title="bbox 0 0 1625 5192; baseline 0 0"><span class='ocrx_word' id='word_1_222' title='bbox 0 0 1625 5192; x_wconf 95' lang='lat' dir='ltr'><strong> </strong></span> 
     </span>
    </p>
   </div>
  </div>
 </body>
</html>
