3225 5192
368 693 413 755 94
615 704 773 751 onerari
787 702 908 748 remor
923 700 1068 747 sanaris

371 832 404 892 et
425 826 554 904 iterum,
570 822 730 906 tertioque
750 818 994 897 commonitum,
1010 816 1051 882 ab
1066 836 1174 882 errore
1188 816 1248 882 vioe
1264 838 1332 883 sun

369 931 517 1016 pessimae
541 948 689 993 revocare
714 947 782 991 non
811 945 993 1009 possumus,
1014 922 1077 987 hoc
1107 921 1213 986 solum
1237 911 1343 985 nobis'

371 1038 481 1111 restat,
496 1037 535 1096 ut
556 1030 657 1114 ipsius
674 1026 843 1093 audaciam
863 1025 1079 1092 ecelesiastica
1096 1024 1227 1109 justitia
1245 1044 1334 1088 oom-

371 1156 548 1221 pesoamus.
595 1132 694 1196 Unde
723 1131 824 1209 vobis,
854 1129 1047 1194 auctoritate
1077 1127 1201 1193 domini
1230 1127 1330 1211 Papoe

372 1246 405 1305 et
431 1238 553 1303 domini
578 1234 831 1313 cantuariensis,
857 1232 1071 1318 injungimus,
1093 1239 1132 1296 nt
1157 1233 1270 1297 statim
1292 1254 1332 1296 ex

374 1363 437 1425 quo
469 1340 579 1405 literas
614 1344 741 1403 nostras
772 1336 986 1420 susceperitis,
1015 1358 1035 1401 a
1063 1336 1180 1401 divinis
1209 1337 1329 1418 officiis,

372 1452 506 1529 excepto
527 1443 688 1527 baptismo
710 1448 743 1506 et
765 1440 965 1505 confessione
986 1446 1021 1504 et
1042 1424 1167 1520 viatico,
1189 1440 1330 1519 cessetis,

374 1558 408 1615 et
431 1550 507 1633 quia
530 1549 665 1632 lugente
690 1552 804 1625 matre,
828 1545 911 1609 filias
937 1545 1078 1629 gaudere
1097 1566 1166 1610 non
1190 1551 1328 1630 oportet,

373 1652 566 1717 mandamus
580 1650 680 1729 vobis,
695 1656 734 1713 ut
754 1649 952 1713 sententiam
971 1648 1107 1713 eandem
1129 1649 1166 1713 in
1182 1654 1254 1713 tota
1271 1641 1328 1732 pa·

372 1756 484 1821 rochia
503 1762 610 1820 vestra
631 1752 839 1833 denuntietis,
854 1761 888 1819 et
908 1752 1046 1817 firmiter
1066 1752 1172 1817 teneri
1193 1752 1329 1818 hciafis.

376 1858 502 1923 Valete.

428 2252 650 2319 EPISTOLA
672 2252 920 2317 mlle-sn
936 2271 1133 2316 sarrsrruu
1150 2272 1274 2315 rrmnu

777 2375 926 2420 comrrs.

375 2509 508 2573 Domino
530 2515 560 2573 et
582 2509 681 2572 amico
702 2509 940 2573 mestissime
959 2508 1102 2572 Brieotio
1117 2506 1189 2590 filio
1209 2510 1329 2571 cumdio

410 2612 519 2695 frater
536 2614 574 2677 G.
590 2634 617 2677 e.
633 2614 661 2677 b.
677 2614 716 2679 P.
735 2615 915 2678 Glocestrioe
933 2614 1034 2677 dietus
1052 2612 1156 2691 obbas,
1172 2612 1245 2676 boe
1259 2632 1328 2676 oar-

417 2718 513 2781 rcndo
519 2716 632 2801 fructu
646 2738 707 2782 aon
714 2719 841 2801 priami
846 2718 992 2801 justitio.

419 2872 590 2939 Quosnsu
602 2872 759 2957 pertrahit
773 2872 809 2935 in
824 2878 988 2954 stuporem
1003 2869 1090 2954 quod
1105 2891 1205 2954 quum
1220 2870 1330 2935 literas

374 2997 443 3041 non
469 2976 625 3053 didiceris,
649 2975 769 3039 librum
790 2974 1001 3038 nihilominus
1021 2974 1158 3038 edidisti.
1203 2975 1329 3039 Verum

375 3080 456 3145 scias
474 3079 510 3143 id
532 3078 613 3141 milri
634 3098 701 3141 non
718 3076 817 3140 fluisse
836 3076 1001 3154 miraculo,
1022 3097 1124 3160 quum
1143 3078 1230 3161 qnod
1249 3078 1328 3143 artis

374 3182 436 3249 tibi
455 3180 595 3265 negabat
614 3178 782 3256 industria,
798 3177 1035 3243 vehementiam
1050 3181 1167 3245 amoris
1183 3182 1219 3245 in
1236 3190 1271 3246 te
1288 3204 1329 3247 ex

375 3292 466 3370 parte
481 3284 644 3349 dictitasse
658 3281 871 3365 cognoverim
908 3282 1012 3347 Amor
1025 3283 1114 3348 enim
1127 3305 1196 3349 non
1210 3285 1328 3369 accipit

375 3410 414 3454 ex
437 3376 695 3472 impossibilitate
714 3385 875 3465 solatium,
890 3387 941 3450 vel
959 3406 999 3450 ex
1019 3386 1206 3452 difficultate
1222 3410 1327 3453 reme·

375 3492 475 3555 dium.
522 3490 657 3574 Semper
678 3488 766 3554 enim
785 3496 936 3573 operatur
956 3511 1077 3573 magna
1097 3490 1126 3554 si
1146 3498 1206 3570 est,
1226 3492 1278 3555 vel
1298 3492 1327 3556 si

374 3592 499 3678 operari
519 3593 638 3671 renuit,
655 3613 744 3657 amor
762 3614 830 3657 non
849 3600 910 3657 est.
956 3592 1046 3658 Hinc
1060 3601 1110 3657 est
1125 3594 1211 3677 quod
1226 3616 1326 3678 quum

373 3698 483 3761 literas
511 3716 579 3761 non
604 3696 761 3776 didiceris,
785 3696 822 3760 in
847 3717 999 3780 campum
1022 3704 1134 3762 tamen
1159 3698 1326 3763 literamm

374 3823 442 3866 non
456 3801 660 3866 mediocriter
678 3800 852 3885 impegisti.
898 3798 1031 3866 Haereat
1054 3803 1162 3866 animo
1183 3810 1242 3866 tuo
1261 3802 1327 3867 diri

374 3905 459 3989 regis
493 3904 628 3969 Henrici
661 3904 783 3968 honore
813 3904 913 3987 digna
940 3906 1105 3984 memorie,
1136 3907 1228 3991 cujus
1258 3906 1326 3970 dies

372 4010 474 4074 bonos
498 4015 531 4073 et
555 4030 652 4073 aurea
675 4008 839 4091 quondam
857 4008 964 4073 secula
982 4009 1095 4093 patriae
1113 4030 1193 4092 gens
1213 4008 1326 4073 orbata

375 4114 520 4198 deplorat
546 4120 579 4177 et
605 4112 720 4196 rubigo
745 4113 913 4196 praesentis
942 4114 1048 4177 aetetis
1075 4113 1238 4197 frequenti
1269 4114 1324 4178 sed

374 4218 461 4283 tristi
478 4217 701 4282 recordatione
715 4224 955 4281 commemorat.
1000 4217 1079 4281 Non
1097 4224 1147 4281 est
1165 4216 1226 4281 tibi
1241 4217 1326 4301 elap-

374 4344 447 4389 sum
463 4322 627 4401 memorie,
643 4320 730 4405 quod
749 4329 782 4385 te
800 4321 958 4405 promovit
973 4344 994 4386 a
1006 4342 1116 4405 puero,
1131 4322 1218 4405 quod
1235 4323 1326 4407 juve-
