3225 5192
305 702 372 745 an.
392 683 589 767 1161-89.]
640 704 1070 751 nounourensrserrsronm.
1195 692 1258 753 215

305 818 390 901 quod
405 818 538 883 ecclesia
553 820 615 883 Dei
636 820 747 884 multis
766 821 853 904 apud
871 842 931 885 nos
950 829 1038 887 retro
1056 823 1258 907 temporibus

300 921 379 1003 jugo
395 922 558 986 servitutis
573 944 732 1006 oppressa,
749 925 903 1007 omnique
916 926 1145 1010 recuperandae
1162 926 1257 991 liber·

303 1023 379 1086 tatis
408 1046 464 1107 spe
493 1046 602 1103 vacua,
629 1033 733 1089 vestra
761 1027 895 1091 tandem
921 1030 1134 1092 sollieitudine
1160 1052 1257 1113 quam

303 1129 465 1193 commissi
480 1130 568 1194 vobis
589 1131 696 1212 gregis
716 1132 852 1195 utilitati
870 1132 1040 1215 vigilanter
1059 1134 1256 1217 impenditis,

303 1232 368 1294 suis
383 1232 534 1296 restituta
548 1232 721 1309 natalibus,
734 1240 857 1296 statum
872 1233 941 1316 ejus
957 1234 1099 1298 Domino
1113 1256 1256 1299 commu-

302 1341 393 1398 tante
415 1334 451 1397 in
473 1335 598 1413 melius,
619 1334 800 1398 desiderata
821 1335 997 1417 plurimum
1019 1336 1169 1402 libertate
1186 1339 1256 1421 jam

302 1458 389 1500 nune
404 1458 442 1501 ex
457 1438 619 1521 insperato
635 1437 756 1501 donata
770 1444 829 1501 est.
861 1437 1058 1521 Legatorum
1073 1440 1161 1503 enim
1176 1462 1256 1523 quos

303 1541 342 1604 ad
368 1542 508 1606 eeclesiae
532 1541 746 1625 perquirenda
770 1542 913 1605 remedia
937 1541 972 1604 in
998 1550 1104 1625 partes
1129 1551 1256 1607 nostras

302 1643 586 1726 circumspectione
612 1643 766 1707 laudabili
794 1658 900 1707 vestra
925 1643 1042 1707 direxit
1071 1645 1254 1723 auctoritas,

302 1744 361 1809 boc
380 1745 513 1809 tandem
533 1766 612 1809 cura
630 1746 809 1829 prudenter
831 1754 864 1809 et
885 1754 1037 1829 potenter
1050 1746 1202 1825 obtinuit,
1217 1756 1255 1811 ut

299 1848 334 1910 in
349 1868 449 1930 regno
464 1849 593 1931 Angliae
613 1850 678 1912 suis
696 1848 822 1932 jamdiu
842 1848 980 1915 viduatae
1002 1849 1183 1931 pastoribus
1203 1872 1254 1914 ec-

300 1950 404 2015 clesiae
424 1950 465 2014 ad
480 1951 530 2014 sui
545 1950 690 2034 regimen
705 1951 837 2015 idoneas
853 1950 993 2032 eligendi
1007 1972 1161 2033 personas
1175 1952 1253 2016 libe-

299 2074 368 2117 ram
385 2054 421 2117 in
439 2054 589 2118 omnibus
605 2052 746 2117 habeant
760 2053 959 2117 facultatem.
1006 2053 1089 2116 Inde
1102 2062 1152 2118 est
1167 2055 1254 2138 quod

300 2156 383 2239 apud
400 2178 459 2220 nos
475 2158 679 2240 quamplures
699 2156 842 2219 ecclesiae
862 2156 928 2219 suis
949 2157 1157 2239 gratulantur
1171 2157 1253 2221 elec·

299 2259 351 2337 tis,
376 2258 416 2323 de
440 2264 546 2323 vestra
571 2258 769 2323 confidentes
794 2258 1023 2337 misericordia,
1046 2268 1085 2323 ut
1113 2260 1149 2322 bi
1173 2281 1253 2343 quos

298 2362 499 2426 concorditer
522 2362 698 2444 elegemmt,
723 2360 807 2424 dono
831 2368 944 2425 vestrae
973 2362 1085 2444 gratiae
1113 2362 1253 2445 promoti

298 2465 333 2528 in
352 2464 467 2528 melius
487 2464 734 2529 consecrationis
757 2464 855 2529 etiam
877 2486 997 2528 munus
1018 2465 1147 2528 valeant
1168 2464 1251 2528 obti-

298 2589 385 2632 nere.
416 2569 509 2631 Inter
523 2568 580 2631 has
596 2567 825 2631 Bathoniensis
840 2568 974 2631 ecclesia
986 2567 1022 2629 iu
1034 2566 1249 2631 venerabilem

297 2672 430 2735 fratrem
450 2678 598 2734 nostrum
617 2671 836 2753 Raginaldum
858 2670 1129 2733 Salesberiensem
1149 2670 1251 2733 archi-

298 2775 468 2838 diaconum
485 2796 543 2837 sua
557 2780 630 2837 vota
643 2774 794 2856 porrexit,
810 2774 917 2856 ipsum
938 2772 1140 2837 concorditer
1157 2793 1250 2855 expe·

297 2888 379 2957 tens,
406 2886 439 2941 et
469 2878 558 2941 nullo
588 2878 792 2955 reclamante,
820 2885 878 2940 aut
903 2876 1190 2941 contradictionem
1215 2878 1249 2938 in

297 2981 403 3064 aliquo
426 2987 584 3056 movente,
604 2980 780 3044 solenniter
801 2980 934 3062 eligens,
954 2979 1048 3063 eique
1068 2980 1118 3043 sui
1138 3000 1248 3043 curam

296 3090 329 3147 et
344 3084 488 3166 regimen
504 3089 573 3146 tota
588 3082 687 3145 animi
703 3083 868 3146 voluntate
883 3082 1098 3146 committens.
1142 3082 1249 3148 Quem

297 3187 383 3269 apud
402 3186 609 3249 sanctitatem
624 3192 763 3249 vestram
777 3186 909 3250 laudum
926 3185 1152 3250 commendare
1169 3186 1248 3249 titu-

296 3290 335 3352 lis
354 3289 427 3353 ideo
450 3288 723 3372 supersedendum
746 3289 916 3368 credimus,
941 3289 1027 3372 quod
1049 3289 1118 3371 ejus
1140 3289 1248 3352 litera-

296 3400 413 3471 turam,
434 3412 548 3471 mores,
570 3400 603 3455 et
622 3392 825 3470 industriam,
846 3398 880 3455 et
898 3392 935 3455 in
955 3391 1088 3474 agendis
1108 3392 1248 3456 ecclesiae

295 3496 433 3578 negotiis
449 3496 631 3575 efficaciam,
646 3496 723 3579 ipsis
738 3516 847 3559 rerum
866 3502 905 3557 ut
924 3494 1083 3558 credimus
1101 3495 1247 3577 agnovis-

296 3598 337 3661 tis
361 3598 497 3677 indiciis,
521 3605 634 3682 utpote
659 3620 754 3682 quem
777 3604 884 3662 vestra
906 3596 1064 3660 donatum
1087 3597 1192 3679 mutia
1214 3605 1247 3662 et

296 3702 381 3785 apud
400 3724 460 3765 nos
480 3724 519 3765 ex
538 3709 645 3765 vestra
663 3702 906 3784 magnificatum
926 3699 1051 3778 notitia,
1066 3699 1102 3762 in
1120 3700 1154 3763 id
1175 3723 1246 3784 gra·

294 3806 349 3869 tiae
373 3805 501 3868 culmen
527 3805 681 3883 erexistis,
705 3812 743 3867 ut
767 3826 839 3887 quae
861 3804 967 3887 ipsum
993 3804 1091 3887 elegit
1114 3804 1247 3868 ecclesia

295 3930 361 3972 uon
384 3908 542 3972 modicam
565 3930 604 3973 ex
625 3907 687 3971 hoc
708 3906 777 3990 ipso
799 3912 905 3989 speret
927 3906 1012 3989 apud
1039 3906 1244 3970 sanctitatem

295 4018 434 4075 vestram
451 4011 587 4094 gratiam
603 4009 760 4074 collocari.
806 4009 913 4073 Quem
934 4008 1009 4090 quia
1024 4008 1159 4091 juvante
1178 4007 1245 4071 Do·

295 4115 384 4178 mino
398 4114 433 4177 in
449 4115 544 4178 domo
559 4112 693 4177 Domini
707 4118 944 4195 cooperatorem
959 4111 1082 4174 bonum
1096 4109 1243 4172 futurum

295 4217 464 4295 credimus,
481 4217 625 4281 fraterna
638 4215 772 4280 caritate
787 4222 945 4292 movente,
961 4220 994 4277 et
1010 4214 1046 4275 in
1065 4210 1127 4274 hoc
1146 4210 1243 4273 auda-

293 4320 375 4384 ciam
390 4326 564 4404 praestante
578 4320 727 4404 petimus,
739 4325 777 4383 ut
792 4318 879 4401 operi
894 4337 1050 4380 manuum
1065 4322 1243 4378 vestrarum
