3225 5192
369 701 412 761 98
623 716 783 758 ornunarr
802 712 920 757 rourou
935 714 1081 757 susurra

369 834 482 917 regina
498 832 637 897 Romani
648 831 734 895 orbis
746 839 779 895 et
791 829 953 895 diceretur
967 836 1001 893 et
1016 834 1111 909 esset,
1122 852 1328 915 nequequam

371 935 541 1019 supercilio
567 935 652 999 elata
677 940 735 1010 est,
761 932 818 997 sed
847 933 888 997 ed
918 953 1048 996 omnem
1077 932 1178 1015 patris
1208 940 1329 998 nutum

371 1039 471 1123 ipsius
496 1036 626 1102 subdita
645 1036 815 1114 voluntati,
831 1036 902 1119 ejus
921 1036 1001 1099 item
1020 1034 1154 1099 oonsilio
1179 1037 1329 1101 secundis

371 1141 476 1226 potita
494 1139 628 1223 nuptiis,
642 1138 711 1203 viro
728 1137 857 1203 nubens
875 1138 963 1216 forti,
981 1138 1065 1202 siout
1089 1138 1280 1217 audivimus,
1296 1147 1330 1203 et

372 1250 513 1320 strenuo,
520 1241 813 1326 Andegavensium,
824 1240 1152 1319 cenomannensium,
1161 1242 1329 1305 'furonen-

374 1347 459 1411 sium
481 1345 623 1423 domino,
638 1345 905 1409 Normannorum
927 1344 1027 1408 etiam
1048 1351 1128 1408 tunc
1149 1343 1329 1427 triumpha-

372 1448 446 1527 tori,
471 1455 509 1513 ut
540 1448 730 1526 audivimus,
757 1447 970 1513 serenissimo.
1015 1446 1058 1511 In
1087 1446 1138 1511 hia
1167 1446 1328 1526 omnibns,

373 1573 445 1635 quae
475 1551 561 1617 dieta
586 1558 673 1629 sunt,
700 1572 768 1615 uon
796 1550 941 1615 invenies
970 1570 1028 1615 eur
1057 1549 1255 1615 exhoeredari
1278 1551 1330 1614 vel

375 1654 517 1719 abdicari
537 1676 556 1719 e
576 1660 666 1737 patre
682 1652 840 1718 debuerit.
884 1653 939 1717 Ne
954 1652 1085 1736 quidem
1099 1652 1256 1732 abdicata,
1272 1653 1331 1717 sed

372 1756 426 1840 pio
444 1756 660 1839 prudentique
681 1755 816 1821 oonsilio
837 1755 944 1839 potius
961 1762 1011 1821 est
1029 1755 1065 1819 in
1085 1756 1186 1821 totius
1201 1755 1328 1839 Angliae

372 1865 406 1924 et
415 1859 626 1923 Normauniae
636 1857 899 1937 dominationem,
908 1858 1128 1942 episcoporum
1138 1859 1286 1923 omniurn
1294 1866 1328 1923 et

374 1962 475 2027 totius
490 1962 582 2045 regni
601 1962 698 2045 hujus
713 1961 869 2027 nobilium
882 1963 1068 2046 juramento
1082 1963 1219 2027 firmata
1263 1963 1328 2027 Eo·

373 2086 448 2129 rum
469 2086 609 2147 namque
632 2064 687 2148 qni
709 2072 832 2129 statuto
857 2064 991 2129 consilio
1013 2065 1123 2149 patria,
1141 2071 1179 2129 ut
1198 2064 1327 2143 dieitur,

375 2176 607 2233 consueverant
630 2168 781 2252 appellari
801 2168 997 2247 nominibus,
1011 2190 1109 2234 nemo
1126 2168 1222 2252 plane
1235 2168 1327 2233 relie-

373 2278 428 2335 tus
443 2278 502 2348 est,
519 2270 575 2353 qui
591 2291 657 2333 uon
674 2270 704 2334 ei
717 2270 887 2334 eonsilium
908 2270 949 2334 de
963 2271 1140 2336 obtinendo
1154 2278 1188 2335 et
1204 2271 1328 2336 tuendo

373 2381 446 2457 post
466 2374 551 2455 regis
566 2372 693 2437 obitum
711 2393 813 2456 regno
829 2373 956 2456 Angliae
976 2380 1010 2437 et
1030 2374 1150 2439 dueatu
1164 2375 1327 2439 Normau-

375 2477 439 2541 niae
449 2474 509 2539 sub
522 2476 700 2560 juramenti
714 2476 870 2559 religione
884 2478 1099 2559 promitteret.
1137 2476 1168 2541 Ο
1183 2485 1329 2561 tempora

374 2580 474 2661 digna
495 2579 615 2643 taeeri!
663 2578 841 2643 Reminisei
854 2579 956 2663 pudet
970 2580 1152 2644 eommunis
1166 2578 1329 2663 opprobrii

375 2702 495 2746 nomen
511 2681 597 2765 quod
611 2680 781 2765 opprobrio
796 2681 961 2747 duxerim?
983 2682 1019 2746 id
1033 2704 1192 2766 quemque
1202 2684 1328 2767 jmaaae

376 2785 462 2869 quod
485 2785 637 2869 oportuit,
659 2785 716 2849 sed
738 2786 778 2850 ab
802 2786 949 2869 eoquod
970 2793 1081 2851 sanete
1099 2787 1246 2868 juratum
1267 2794 1327 2867 est,

375 2888 440 2953 eito
455 2888 630 2971 leviterque
644 2887 823 2953 recessisse.
866 2888 949 2953 Quis
963 2888 1134 2955 infatuavit
1149 2888 1327 2972 Angliam?

375 2991 534 3055 Miserum
557 2990 628 3055 dieo
650 2996 758 3072 eaput,
782 2990 926 3073 quisquis
947 2990 1002 3054 ille
1024 2998 1083 3069 eat,
1103 2992 1139 3055 in
1161 3014 1257 3075 quem
1278 2998 1330 3055 tot

374 3090 560 3156 redundent
580 3089 731 3173 perjuria,
751 3090 931 3170 homicidia,
950 3091 1111 3169 incendia,
1126 3093 1260 3174 flagitia,
1276 3092 1331 3157 de·

376 3195 558 3271 solutiones,
575 3201 608 3259 et
623 3192 783 3256 seandala.
819 3192 960 3258 Quando
974 3192 1036 3257 sibi
1051 3213 1183 3258 securus
1198 3198 1260 3260 erit
1274 3196 1331 3280 qui

376 3296 606 3362 contaminavit
635 3316 784 3378 regnum,
807 3296 923 3379 polluit
948 3296 1173 3375 sacerdotium,
1199 3303 1233 3363 et
1261 3317 1330 3363 non

376 3400 480 3465 solum
504 3399 656 3483 praesenti
679 3399 767 3463 etati
794 3399 851 3463 sed
875 3399 996 3464 futurae
1024 3400 1205 3483 posteritati
1234 3423 1330 3484 grave

375 3498 494 3569 inflixit
514 3497 732 3583 opprobrium.
777 3499 864 3563 Vere
883 3498 1052 3563 haereditas
1072 3498 1114 3562 ad
1128 3520 1226 3582 quam
1240 3502 1328 3564 festi-

375 3608 474 3665 natur
487 3602 523 3664 in
537 3601 704 3685 principio,
719 3602 756 3665 in
770 3603 836 3665 fine
850 3601 1074 3667 benedictione
1088 3602 1220 3667 carebit.
1247 3604 1330 3669 Quis

372 3704 441 3787 jam
456 3703 585 3786 Anglioe
599 3704 705 3767 clades
721 3706 912 3769 enumeret?
953 3706 1058 3769 Vetus
1073 3705 1171 3769 habet
1185 3706 1328 3786 historia,

376 3808 460 3889 quod
476 3806 661 3870 Alexandro
680 3814 810 3871 mortuo
831 3808 924 3891 pueri
945 3808 1014 3891 ejus
1031 3808 1254 3892 imposuerunt
1268 3811 1330 3875 sibi

377 3907 560 3972 diedemate
580 3916 613 3973 et
632 3930 769 3991 regnare
783 3917 959 3992 coeperunt,
974 3912 1195 3994 unusquisque
1209 3912 1245 3975 in
1259 3913 1330 3978 loeo

376 4032 445 4089 suo,
471 4018 504 4075 et
530 4011 744 4095 multiplicata
768 4018 846 4075 sunt
873 4013 1019 4077 malain
1044 4014 1149 4079 terris.
1205 4016 1259 4080 Sie
1284 4016 1330 4082 aie

374 4114 589 4198 multiplicata
612 4122 740 4180 suntet
763 4115 867 4179 hodie.
913 4116 955 4179 Iu
975 4138 1069 4181 aures
1088 4118 1184 4182 amici
1198 4118 1328 4203 deploro

375 4216 462 4302 quod
477 4218 591 4283 sentio.
636 4218 698 4281 'l'ot
715 4238 806 4300 reges
821 4218 964 4301 patimur
979 4227 1057 4302 quot
1072 4221 1194 4304 nuptiis
1209 4243 1327 4306 angus-

372 4328 491 4384 tamur.
523 4322 565 4385 In
579 4321 649 4385 luto
664 4321 818 4385 servimus
832 4326 866 4384 et
880 4321 990 4399 latere,
1005 4330 1040 4387 et
1054 4323 1155 4388 solam
1168 4325 1327 4391 libertatis
