3225 5192
247 704 311 748 no.
330 684 530 768 llas-48]
580 703 792 750 anoonsrurls
809 703 985 748 ammona.
1187 687 1206 746 5

431 1155 653 1222 EPISTOLA
677 1155 817 1221 lI.-an
842 1202 1014 1220 ......

287 1344 456 1409 Porunau
482 1366 536 1409 me
562 1344 711 1410 cohibere
742 1344 881 1424 silentio,
905 1345 932 1408 ai
956 1365 1024 1409 non
1053 1347 1199 1409 animum

243 1469 359 1512 moeror
373 1447 564 1530 impulisset,
581 1454 615 1512 at
631 1448 785 1514 instantis
807 1447 935 1532 pondus
949 1447 1077 1532 injuriae
1091 1469 1144 1511 me
1164 1447 1199 1512 in

241 1551 383 1614 lamenta
405 1549 453 1614 ire
478 1549 652 1634 compellit.
706 1549 817 1614 Pridie
842 1571 881 1614 ex
907 1571 971 1633 quo
996 1549 1200 1614 recessistis

241 1651 335 1716 nobis
361 1651 479 1716 auditis
504 1653 616 1737 pejora
640 1651 851 1736 percepimus.
904 1649 1077 1714 Referebat
1100 1649 1200 1714 frater

242 1754 434 1820 Herefordia
466 1776 623 1835 reversus,
654 1775 766 1820 cerum
801 1754 895 1818 illum
923 1759 1072 1818 nostrum
1101 1774 1197 1837 quem

238 1857 337 1940 digne
365 1857 471 1922 virum
500 1858 668 1923 nominem
696 1856 955 1922 Herefordieusis
980 1855 1111 1920 ecclesie
1140 1856 1195 1921 de·

238 1982 358 2026 cunum
371 1961 556 2026 lacessitum
575 1960 702 2044 injuriis
723 1960 785 2046 piis
802 1959 963 2025 bonorum
982 1959 1109 2039 civium,
1125 1981 1196 2044 per-

238 2071 387 2128 secutum
406 2061 547 2128 lacrimis
568 2063 685 2128 urbem
708 2063 820 2128 exisse.
865 2062 1063 2146 Angariatus
1084 2063 1121 2126 iu
1143 2084 1196 2141 se3

238 2165 406 2250 dispendis
419 2188 529 2231 rerum
543 2167 620 2231 tulit
635 2187 653 2231 e
668 2166 764 2231 facili.
802 2166 932 2231 Leviter
941 2166 1029 2231 enim
1043 2167 1078 2229 in
1094 2165 1196 2230 scelus

238 2277 286 2335 est
301 2277 467 2354 protracta
480 2269 639 2354 impietas.
685 2269 867 2334 Confraotae
885 2275 963 2333 sunt
980 2270 1104 2348 domus,
1120 2291 1195 2354 apo-

236 2372 339 2437 thecae
361 2373 510 2456 diruptae,
531 2371 660 2438 sublata
679 2393 764 2451 vasa,
787 2372 949 2437 distractae
970 2373 1126 2456 pecuniae,
1142 2394 1194 2435 su-

235 2475 339 2560 pellex
353 2474 498 2559 undique
515 2475 678 2559 dissipata.
725 2475 789 2540 Sed
805 2475 884 2559 quid
904 2475 991 2540 istal
1034 2475 1196 2559 Nunquid

235 2579 282 2642 ita
296 2577 412 2642 ardens
426 2578 483 2642 illa
496 2577 638 2642 habendi
654 2577 723 2642 ritis
738 2578 882 2643 extincta
896 2579 971 2643 est?
1014 2578 1093 2645 Non
1108 2579 1195 2642 hanc

236 2681 333 2768 hujus
351 2689 503 2746 natiuarn
517 2681 673 2766 passionis
684 2682 884 2767 agnovimus.
899 2681 1025 2745 Verum
1035 2680 1194 2765 cupiditas

235 2785 307 2868 plus
321 2785 413 2848 novit
428 2784 560 2849 accendi
577 2784 730 2849 remedio.
775 2785 851 2848 Itur
864 2783 901 2847 in
918 2782 1086 2847 ulteriores
1106 2783 1193 2866 inju-

235 2887 309 2966 rias,
335 2887 494 2951 transitur
514 2887 550 2950 in
571 2887 672 2966 villas,
696 2886 868 2952 devenitur
889 2886 926 2950 in
946 2885 1072 2965 horrea,
1097 2904 1192 2949 excu-

236 2990 365 3054 tiuntur
394 3010 541 3067 unnonae,
572 2989 785 3073 deportantur
815 2995 1003 3067 stramenta,
1030 2988 1194 3072 aporiatur

237 3093 376 3173 ecclesia,
388 3093 584 3158 muniuntur
596 3093 736 3158 castella.
760 3092 847 3157 Proh
863 3099 986 3177 quanta
994 3093 1191 3176 malignatus

237 3203 284 3260 est
303 3196 455 3261 inimicus
478 3197 515 3260 in
537 3195 668 3260 sancto!
707 3197 902 3280 Prorumpat
921 3195 1063 3260 ecclesiae
1084 3196 1190 3275 lletus,
1305 3235 1309 3241 ·

236 3306 383 3384 erumpat
394 3298 535 3382 ejulatio,
546 3299 657 3364 threni
666 3298 869 3364 deducuntur
876 3299 913 3362 in
923 3299 1077 3377 medium,
1086 3297 1188 3362 citha-

235 3423 271 3467 ra
289 3404 359 3488 ejus
377 3409 583 3468 convertatur
602 3402 638 3466 in
656 3401 793 3482 luctum,
809 3409 843 3467 et
857 3422 1015 3486 organum
1029 3403 1065 3466 in
1079 3423 1190 3466 vocem

233 3507 393 3571 flentium.
440 3506 519 3570 Sure
545 3505 731 3570 dominatur
755 3507 864 3590 Agar3
898 3527 970 3589 quae
991 3505 1095 3571 libera
1119 3513 1189 3570 erat

233 3609 319 3674 acta
341 3616 390 3674 est
412 3609 538 3688 meina
564 3615 597 3673 et
612 3609 679 3674 nm
699 3610 852 3695 principis
872 3610 958 3674 facta
979 3617 1029 3674 ec
1047 3609 1109 3676 sue
1130 3610 1189 3675 tri-
1253 3616 1258 3627 ·
1371 3560 1375 3568 ¹

233 3711 322 3777 buto.
368 3713 477 3776 Datur
505 3712 535 3776 ei
563 3733 622 3796 pro
647 3712 801 3798 crispanti
830 3713 919 3777 crine
947 3713 1121 3794 calvitium,
1150 3715 1189 3782 in

234 3815 374 3880 cilicium
390 3815 472 3880 stola
486 3815 597 3900 gloriae
612 3818 692 3901 ejus,
704 3824 737 3881 et
751 3817 920 3900 pectoralis
934 3817 1033 3882 fascia
1043 3839 1186 3885 commu·
1203 3815 1209 3824 '

233 3925 330 3984 tatur.
377 3919 420 3983 In
442 3921 663 3986 sanctuarium
678 3921 849 3986 Chaldaeus
873 3920 1027 4001 ascendit,
1050 3922 1186 3989 licenter

233 4029 382 4106 operatus
412 4029 460 4086 est
489 4023 622 4103 malum,
653 4024 754 4107 glorie
783 4025 917 4090 Domini
945 4025 1120 4109 deputatur
1148 4029 1184 4091 in

232 4124 381 4188 nihilum.
428 4123 527 4190 Stant
548 4125 690 4192 lacrimae
711 4127 747 4192 in
764 4128 903 4193 maxillis
924 4128 1064 4193 liliorum
1074 4157 1085 4209 ;
1112 4131 1184 4214 quis
1278 4209 1284 4220 ·

231 4225 395 4310 absterget
421 4229 498 4292 eas?
543 4228 698 4294 Desolata
718 4239 767 4296 est
792 4232 889 4297 facies
910 4232 1049 4297 filiarum
1074 4233 1183 4318 syon,-

232 4331 303 4414 quis
334 4329 462 4396 eusdem
487 4331 734 4401 consolabiturl
780 4333 834 4400 Sic
859 4336 1053 4402 ascendente
1076 4357 1183 4420 super-
