3225 5192
396 668 456 730 196
713 678 1029 727 osnnnnrrnrsscoes

393 798 474 863 bant
495 796 680 876 concilium,
700 796 791 879 cujus
815 796 976 859 actionem
998 792 1130 877 quidem
1152 792 1193 858 ab
1215 792 1348 858 ecclesie

390 900 525 967 nomine
539 900 728 984 peregrinus
742 906 776 963 et
790 919 836 977 re,
852 898 997 963 oratione
1011 897 1142 981 quidem
1159 898 1196 962 in
1214 898 1347 963 audien-

389 1005 476 1069 tium
501 1002 649 1087 gretiam,
674 1000 869 1087 quibusdam
893 1000 985 1085 quusi
1009 1000 1181 1066 verborum
1209 1000 1347 1085 phaleris

392 1105 585 1172 adumbrate
610 1104 786 1191 plurimum
815 1112 849 1169 et
877 1111 993 1169 ornate
1021 1104 1220 1189 consempsit.
1265 1104 1347 1171 Quoe

388 1230 494 1293 quum
522 1208 647 1293 perlate
674 1208 788 1272 fuisset
812 1206 854 1271 cd
877 1227 948 1285 nos,
974 1212 1008 1271 et
1033 1205 1168 1270 ecclesis
1189 1212 1345 1290 prtesente

389 1311 542 1395 perlecta,
558 1332 630 1395 quae
644 1316 754 1375 mente
768 1309 899 1373 sinistre
912 1307 1033 1373 dictate
1047 1315 1134 1387 sunt,
1144 1308 1344 1392 quibusdem,

391 1435 529 1497 quorum
554 1422 623 1479 eret
651 1414 688 1477 in
712 1412 835 1489 lsevem,
865 1410 965 1475 oculis
998 1410 1111 1495 utique
1142 1410 1342 1493 placuerunt.

375 1516 458 1583 'Alii
472 1538 547 1581 vero
560 1516 698 1583 bestium
713 1537 785 1599 quae
799 1536 820 1580 e
833 1536 974 1598 nequam
988 1512 1103 1599 spiritu
1117 1514 1255 1578 nelsnde
1269 1535 1344 1578 eon-

390 1625 519 1703 ceperat
541 1625 751 1699 evomentem,
767 1618 835 1683 slte
848 1617 989 1702 quedem
1002 1624 1036 1681 et
1050 1617 1086 1681 in
1100 1617 1231 1683 Christo
1244 1617 1345 1683 nobili

390 1731 501 1787 mente
531 1728 806 1807 contempserunt,
835 1721 994 1787 habentes
1023 1742 1090 1805 prce
1115 1720 1266 1785 menibus
1294 1743 1342 1785 so

390 1846 461 1889 cros
479 1826 577 1891 vestri
598 1826 739 1891 nominis
761 1824 876 1909 apices,
893 1845 974 1908 quos
995 1823 1037 1888 ed
1058 1824 1271 1888 universalem
1293 1844 1343 1888 ec-

389 1928 520 1993 clesium
540 1936 650 1994 sancte
671 1928 803 1993 dictavit
821 1935 856 1993 et
874 1927 991 1993 direxit
1012 1928 1196 2006 auctoritas,
1216 1934 1249 1992 et
1268 1927 1343 1991 huic

388 2030 477 2094 velut
491 2032 650 2096 columnae
671 2031 707 2095 in
728 2032 798 2097 loco
820 2030 995 2115 caliginoso
1008 2028 1142 2109 lucenti,
1157 2036 1191 2095 et
1212 2031 1343 2114 plenum

388 2131 532 2197 veritatis
561 2134 785 2199 testimonium
813 2134 902 2198 intre
929 2155 964 2197 se
988 2132 1180 2211 continenti,
1209 2132 1343 2197 tirmiter

387 2234 577 2315 innitentes,
593 2244 788 2300 conventum
802 2235 897 2299 illum
911 2234 1101 2317 sacrilegum
1115 2254 1189 2297 vere
1206 2255 1341 2317 synago·

389 2356 464 2419 gem
482 2336 612 2403 Setsnse
626 2345 825 2422 reputantes,
840 2345 874 2403 et
894 2338 973 2403 hinc
992 2338 1079 2402 velut
1101 2358 1122 2400 e
1142 2336 1239 2400 Pilati
1261 2358 1341 2420 prae-

388 2440 480 2519 torio,
496 2442 533 2505 in
548 2463 611 2525 quo
625 2442 741 2507 misere
756 2441 972 2507 declamatum
986 2447 1045 2520 est,
1062 2441 1159 2504 ‘Non
1172 2439 1270 2518 hunc,
1284 2440 1341 2503 sed

386 2543 575 2625 Berrsbem,
598 2546 686 2625 tolle,
709 2546 797 2625 tolle,
821 2545 974 2628 crucifige
996 2564 1091 2622 eum3
1117 2543 1249 2626 sanguis
1272 2544 1340 2628 ejus

387 2668 482 2731 super
513 2669 573 2713 nos
608 2654 642 2713 et
678 2648 759 2713 lilios
789 2648 937 2727 nostros,'
965 2652 1076 2711 mente
1104 2645 1341 2730 promptissime

387 2749 595 2830 declinantes,
611 2758 718 2817 totum
734 2751 821 2835 qnod
834 2751 876 2816 ab
890 2751 942 2815 his
959 2750 1092 2843 profane
1106 2756 1267 2814 statutum
1280 2757 1338 2828 est,

386 2874 473 2917 senae
491 2854 609 2919 mentis
625 2854 748 2940 judicio
766 2854 1005 2940 reprobandum
1025 2873 1082 2938 per
1101 2853 1211 2917 omnia
1227 2873 1339 2917 censu-

386 2964 492 3021 erunt.
537 2957 672 3022 Lumini
690 2979 765 3023 vero
785 2958 878 3041 qussi
897 2958 1010 3021 lumen
1031 2955 1174 3034 accessit,
1194 2977 1269 3020 cum
1290 2978 1339 3019 se·

386 3079 474 3123 crum
485 3066 623 3124 vestrum
637 3059 881 3144 pmmmeticem
896 3060 1127 3144 episcoporum,
1139 3058 1338 3143 presbytero·

384 3182 467 3239 rum,
483 3160 701 3241 diaconorum,
719 3163 942 3241 cardinalium,
962 3168 1073 3227 sancte
1092 3168 1262 3247 prosecute
1280 3168 1338 3240 cst,

386 3270 419 3327 et
440 3264 570 3347 provide
592 3264 688 3349 pleno
709 3265 852 3330 veritatis
873 3266 1018 3350 epistole,
1045 3264 1106 3329 hoc
1131 3264 1255 3330 mundo
1276 3264 1338 3329 cle-

385 3388 488 3445 mens,
504 3368 565 3431 hoe
579 3369 764 3450 vociferans,
780 3369 823 3434 sd
837 3391 917 3453 quos
932 3370 1107 3453 apostolice
1120 3376 1244 3452 spectat
1257 3371 1338 3433 elec·

383 3470 440 3547 tio,
463 3470 522 3534 hos
545 3470 675 3554 quidem
697 3493 809 3538 omnes
835 3473 1029 3557 apostolatui
1047 3479 1153 3537 vestro
1174 3472 1338 3536 communi

383 3579 467 3649 voto,
494 3592 626 3636 assensu
651 3575 807 3654 unanimi,
832 3576 958 3641 sincere
979 3575 1123 3639 curiatis
1150 3575 1338 3658 integritate

382 3694 440 3757 per
459 3676 569 3740 omnis
588 3679 785 3744 consensisse
806 3686 840 3744 et
862 3702 929 3745 suae
950 3679 1128 3745 devotionis
1146 3678 1336 3764 obsequium

381 3777 418 3840 in
432 3777 492 3842 hoc
508 3779 637 3845 Christo
656 3782 710 3865 pie
728 3782 885 3849 fidelitate
901 3784 1098 3867 prestitisse.
1141 3783 1231 3847 Nem
1249 3783 1277 3847 si
1296 3782 1337 3847 de

381 3902 518 3947 numero
539 3884 728 3968 pontificum
742 3908 829 3951 unus
843 3888 950 3968 exivit,
965 3888 1035 3973 ejus
1049 3887 1085 3951 in
1098 3886 1161 3951 hoe
1173 3886 1337 3951 reminisci

379 3985 533 4069 oportuit,
549 4007 612 4069 quo
635 3988 675 4052 dc
696 4009 832 4053 numero
854 3991 1070 4074 apostolorum
1092 3996 1241 4068 exeunte,
1256 3989 1337 4053 veri·

380 4098 432 4152 tes
451 4088 486 4151 in
506 4090 593 4153 hunc
614 4090 746 4155 modum
767 4093 940 4157 testificato
957 4100 1026 4158 est:
1050 4092 1169 4157 ‘Nunc
1185 4092 1336 4157 clarifice-

380 4200 434 4256 tus
455 4200 503 4257 est
523 4194 607 4258 lilius
627 4194 776 4274 hominis,
795 4203 829 4261 et
848 4219 936 4262 nune
955 4196 1203 4263 clurificsbiturss
1246 4198 1336 4262 Duo·

378 4294 441 4359 bus
464 4298 560 4360 etiam
584 4298 737 4363 fratribus
756 4300 792 4363 in
811 4309 937 4384 purtem
956 4300 1091 4365 alteram
1110 4298 1335 4376 sentientibus,
