3225 5192
278 688 345 731 sn.
363 664 562 749 llas-ss]
610 682 824 730 enocsssssn
840 688 1017 735 ansnonn.
1188 674 1231 738 95

278 827 355 871 nem
380 804 528 869 educavit
548 810 581 869 ct
606 804 763 869 donatum
784 805 908 871 militiae
927 805 1067 889 cingulo,
1083 807 1175 871 donis
1197 816 1232 873 et

278 907 454 973 bonoribus
478 908 651 992 ampliavit.
697 907 821 973 Verum
843 908 920 973 hinc
943 915 994 973 est
1017 908 1104 992 quod
1123 916 1158 974 te
1180 912 1232 975 sui

278 1032 454 1077 memorem
479 1011 556 1075 fecit
581 1018 615 1075 et
640 1012 765 1076 recenti
786 1012 942 1076 memoria
963 1012 1042 1076 vivit
1068 1013 1155 1097 apud
1177 1021 1230 1079 te:

279 1116 432 1199 quoniam
457 1114 573 1179 obiisse
595 1113 655 1177 sibi
676 1114 776 1178 totius
790 1114 920 1197 Angliae
939 1115 1036 1179 facies
1056 1116 1231 1183 admodum

278 1217 422 1282 desolata
439 1216 551 1282 crebra
569 1215 772 1281 miseriarum
791 1217 1005 1282 inundatione
1019 1221 1230 1302 recognoscit.

277 1321 331 1385 Ab
354 1321 411 1386 illo
429 1321 517 1385 enim
542 1320 742 1405 degenerans
765 1342 856 1385 amos
876 1329 955 1386 tuus
979 1331 1175 1407 propagatur
1195 1324 1232 1389 in

277 1425 410 1507 stirpem
432 1424 554 1509 regiam
578 1424 710 1489 unicam
735 1426 805 1510 ejus
830 1425 932 1490 filiam
956 1432 991 1490 et
1013 1428 1107 1511 regni
1129 1428 1232 1512 ipsius

276 1528 447 1609 haeredem,
459 1530 550 1614 cujus
560 1550 690 1593 causam
701 1550 769 1594 non
784 1530 890 1594 solum
901 1530 1008 1610 armis,
1020 1532 1078 1595 sed
1087 1539 1126 1596 nt
1141 1531 1233 1596 sudi-

276 1630 380 1697 simns
391 1632 506 1716 etjam
519 1632 668 1712 vidimus,
678 1632 797 1717 eloquii
811 1640 982 1699 venustate
996 1633 1093 1697 simul
1102 1640 1137 1699 et
1151 1636 1232 1699 veri·

276 1742 345 1801 tate
375 1736 513 1801 sustines
542 1743 575 1801 et
605 1736 760 1801 defendis.
823 1736 944 1802 'fotum
972 1757 1113 1821 namque
1141 1736 1231 1803 brevi

276 1839 461 1922 complectis
476 1846 678 1923 argumento,
694 1839 781 1924 quod
803 1840 961 1905 hactenns
977 1840 1119 1904 veritatis
1137 1841 1230 1924 igns·

275 1962 328 2006 ros
347 1942 383 2006 in
400 1942 540 2007 favorem
555 1964 622 2008 sues
636 1944 737 2027 partis
752 1942 872 2007 alliciat
893 1949 927 2007 et
944 1943 1071 2027 jamdiu
1085 1944 1231 2009 veritatis

277 2046 422 2111 conscios
442 2046 491 2111 vel
509 2048 677 2112 confirmet
695 2046 723 2111 si
742 2046 838 2111 amici
856 2053 943 2126 sunt,
959 2048 1009 2112 vel
1028 2046 1176 2127 obtudat,
1191 2056 1230 2113 ut

275 2149 425 2213 reliberet
444 2148 600 2213 inimicos.
646 2150 756 2233 Ipsam
776 2156 888 2214 tamen
905 2150 947 2215 de
965 2172 1029 2233 qna
1049 2150 1111 2215 tibi
1124 2172 1230 2217 sermo

277 2259 325 2317 est
345 2252 382 2316 in
403 2252 525 2316 nullius
547 2252 753 2317 commendes
774 2252 937 2338 injuriam.
982 2254 1031 2318 Es
1048 2276 1122 2341 quae
1143 2256 1230 2337 regis

277 2355 411 2420 Henrici
431 2355 572 2434 fuerant,
588 2355 692 2445 unicae
714 2356 783 2440 ejus
801 2356 885 2435 filiae,
901 2363 935 2421 et
955 2356 1101 2439 legitimo
1117 2358 1229 2421 matri-

275 2458 383 2523 monio
402 2464 577 2542 procreatae
597 2458 710 2523 asseris
726 2460 800 2544 jure
821 2459 940 2525 deberi.
985 2460 1126 2524 Videtur
1140 2459 1229 2524 adid

276 2561 362 2646 quod
390 2562 504 2627 asseris
529 2562 613 2647 juris
642 2562 798 2647 cujusque
826 2563 940 2647 regula
968 2562 1120 2646 coaptari.
1170 2563 1230 2627 Est

276 2667 362 2730 enim
377 2666 523 2730 divinum
534 2666 606 2750 jus:
630 2672 663 2731 et
679 2667 827 2730 natinale
841 2674 891 2731 est
906 2673 939 2730 et
953 2666 1145 2730 humanum.
1179 2667 1230 2730 Ex

272 2769 345 2852 jure
370 2768 480 2833 divino
504 2769 684 2833 Dominum
708 2770 744 2833 in
765 2768 943 2851 Evangelio
968 2768 1158 2848 audivimus,
1181 2769 1229 2833 di-

276 2880 369 2938 cente
391 2872 453 2937 sibi
480 2880 585 2937 matre
614 2894 683 2951 sna,
709 2872 781 2951 bili,
808 2872 886 2955 quid
908 2871 1014 2937 fecisti
1042 2870 1137 2936 nobis
1160 2873 1228 2937 sic?

274 2976 438 3061 respondit
450 2976 480 3040 ei
491 2976 666 3040 Dominus:
690 2975 779 3041 Quid
789 2984 839 3039 est
854 2975 941 3059 quod
952 2996 1005 3039 me
1016 2974 1228 3059 quaerebatis?

164 3138 170 3146 .
275 3080 465 3144 nesciebatis
485 3080 560 3163 quia
576 3080 613 3143 in
636 3078 687 3143 his
707 3100 779 3163 qnae
796 3080 898 3163 patris
914 3078 980 3143 mei
998 3085 1086 3158 sunt,
1102 3086 1230 3163 oportet

276 3204 327 3247 me
351 3183 445 3247 esse?
488 3182 633 3267 Magnus
657 3188 706 3247 est
728 3182 889 3246 Dominus
911 3182 953 3247 ad
975 3182 1229 3266 compassionem

276 3286 410 3366 ancillae,
432 3292 466 3351 et
487 3306 608 3370 magna
631 3293 681 3350 est
702 3286 837 3351 caleatis
859 3284 1039 3365 haereditas,
1058 3286 1229 3369 temporali

274 3398 457 3475 comparata
471 3398 505 3455 et
520 3390 725 3455 transitorie.
764 3390 819 3453 Sic
832 3396 944 3454 tamen
957 3389 1101 3473 loquitur
1114 3390 1228 3455 Domi·
1272 3422 1280 3442 x

275 3516 345 3573 nus,
362 3516 399 3559 ao
417 3495 445 3558 si
464 3497 630 3559 neminem
652 3492 801 3557 dubitare
822 3499 978 3576 oporteat,
995 3494 1074 3576 quin
1093 3514 1133 3557 ca
1156 3514 1229 3576 quae

273 3599 372 3682 patris
397 3604 475 3662 sunt
494 3596 636 3662 naturali
657 3598 728 3681 ejus
750 3596 818 3660 filio
836 3597 911 3681 jure
928 3595 1117 3661 debeantur.
1163 3597 1229 3661 Sed

273 3702 328 3785 qni
350 3702 477 3766 nnllam
502 3700 721 3785 pretermittit
747 3698 958 3779 occasionem,
981 3700 1009 3762 si
1034 3698 1095 3763 sibi
1119 3699 1230 3765 oblata

273 3804 404 3883 fiierint,
430 3804 511 3888 quin
536 3810 595 3867 tus
621 3803 708 3868 diets
728 3802 920 3881 remordeat,
942 3822 1011 3867 non
1035 3802 1149 3882 filium,
1172 3803 1230 3868 sed

273 3906 371 3971 filiam
396 3906 437 3971 de
463 3928 527 3990 qua
552 3906 678 3990 agimus
703 3926 772 3969 esse
795 3906 981 3986 contendet,
1005 3913 1039 3970 et
1064 3928 1137 3990 quoe
1160 3908 1228 3975 fib'o

273 4010 374 4092 magis
397 4016 587 4093 competunt
617 4029 685 4072 non
714 4008 832 4073 debere
856 4010 931 4074 filiae
955 4010 1077 4093 regalis
1101 4022 1229 4094 sceptra

274 4112 388 4177 addici.
434 4113 523 4178 Quid
552 4121 666 4178 contra
695 4112 783 4177 istnd
811 4113 863 4178 lex
889 4114 997 4178 divina
1024 4113 1227 4198 respondeat,

272 4216 450 4280 audiamus.
495 4216 539 4280 In
558 4216 642 4279 libro
662 4214 811 4295 Numeri,
827 4217 969 4300 capitulo
987 4219 1115 4293 ultimo,
1131 4235 1228 4297 super

270 4320 330 4385 boc
356 4320 480 4404 aliquid
505 4323 668 4387 invenies:
694 4322 848 4406 Salphaat
871 4322 967 4385 bomo
989 4330 1058 4385 erat
1081 4318 1226 4397 Judoeus,
