3225 5192
377 700 441 761 114
688 712 848 757 osannam
865 710 1015 755 nrrscors

375 830 576 915 episcopatus
611 848 821 911 personarum
857 824 1004 889 unanimi
1036 843 1205 905 consensu,
1234 823 1326 887 nullo

374 954 504 1018 prorsus
523 930 773 1007 contradicente,
794 927 962 992 dominnm
983 925 1161 990 Bobcrtum
1180 925 1325 1009 ejusdem

376 1036 515 1101 ecclesiae
530 1032 790 1099 archidiaconum
809 1030 871 1094 sibi
888 1029 925 1093 in
943 1028 1128 1112 episcopum
1147 1028 1325 1110 elegerunt,

376 1146 409 1203 ct
442 1137 631 1202 electionem
661 1133 791 1197 domino
821 1130 1047 1195 cantuariensi
1082 1137 1325 1213 praescntantcs,
1359 1144 1364 1153 ·

376 1246 507 1325 propter
534 1239 654 1302 multas
683 1242 716 1299 et
745 1234 938 1298 necessarias
965 1254 1075 1296 causas
1101 1232 1324 1296 obtinuerunt.

377 1342 474 1409 Quod
492 1348 598 1405 vestro
617 1338 756 1422 petimus
775 1336 933 1400 cumulari
952 1336 1108 1413 examine,
1124 1335 1277 1417 quatinus
1296 1336 1326 1397 ei

316 1475 319 1481 ·
377 1466 511 1509 manum
532 1441 643 1527 gratiae
660 1437 862 1523 porrigendo,
877 1437 985 1521 ipsum
1005 1437 1042 1500 in
1062 1458 1125 1520 quo
1139 1436 1262 1521 positus
1276 1445 1326 1500 est

377 1546 573 1623 stabilitatis,
588 1552 621 1607 et
636 1542 677 1607 de
692 1549 806 1606 eaetero
821 1540 948 1603 fidelem
963 1539 1077 1618 filium,
1093 1547 1126 1602 et
1141 1540 1183 1603 ad
1197 1561 1326 1604 omnem

378 1650 478 1736 patris
500 1649 550 1712 sui
571 1647 770 1711 voluntatem
789 1642 1065 1728 promptissimum
1083 1643 1238 1707 habeatis.
1283 1645 1328 1707 Il-

377 1754 453 1815 laesa
475 1750 567 1815 nobis
591 1758 624 1813 ct
647 1750 805 1813 inoffensa
826 1748 978 1831 majestas
999 1755 1105 1812 vestra
1126 1755 1270 1811 servetur
1292 1748 1328 1810 in

378 1854 493 1931 secula,
508 1853 545 1916 in
561 1851 690 1916 Christo
705 1851 821 1916 dilecte
834 1857 937 1934 pater.

485 2158 707 2223 arrsrona
729 2158 1047 2223 nxxxvuu-n
1063 2126 1216 2220 smnio.

329 2308 473 2419 sPotrs'
501 2329 556 2371 seco
574 2315 616 2372 'et
645 2308 766 2370 domim
795 2327 912 2370 mmmo
935 2304 1080 2388 pontifics
1107 2304 1258 2387 Eupenio,
1291 2304 1330 2367 G.

423 2409 671 2493 Herefordieacis
685 2410 817 2473 ecclesio
831 2410 981 2486 minister,
997 2408 1137 2471 &votum
1150 2416 1180 2470 et
1196 2404 1330 2469 debitum

424 2514 518 2576 totius
532 2512 708 2577 obedientie
715 2511 914 2592 famulatam.
940 2592 947 2609 ·

427 2664 522 2730 Quia
533 2664 670 2742 caritati,
680 2664 795 2729 dilecta
809 2670 910 2747 pater,
924 2664 1101 2747 plurimum
1116 2663 1244 2747 expedit
1258 2660 1333 2725 obe·

383 2764 461 2844 (lire,
476 2765 550 2830 ideo
563 2766 712 2849 petitioni
727 2766 963 2831 Linoolniensis
977 2766 1118 2830 ecclcsiae
1131 2784 1250 2848 negare
1264 2785 1332 2828 non

248 2926 252 2942 ἶ
382 2888 563 2951 possumus,
579 2868 658 2951 quin
678 2889 717 2932 ea
735 2889 807 2952 quse
826 2868 867 2932 de
886 2870 1017 2951 negotio
1032 2869 1102 2952 ejus
1116 2868 1177 2951 ipsi
1194 2887 1332 2950 praesen·

382 2976 432 3035 tes
446 2970 583 3035 vidimus
598 2979 631 3033 et
646 2970 835 3047 audivimus,
850 2970 1043 3035 sublimitati
1056 2979 1171 3035 vestra
1187 2970 1334 3033 notifice-

382 3092 466 3136 mus.
511 3071 622 3135 Quum
636 3072 723 3133 enim
742 3070 921 3134 Loudoniaa
940 3078 1125 3154 compatre
1143 3080 1255 3136 nostro
1275 3072 1331 3136 do-

382 3172 472 3235 mino
486 3171 712 3235 Cantuariensi
731 3177 764 3233 et
782 3170 936 3235 fratibus
954 3180 988 3235 ct
1005 3174 1197 3255 coepiscopis
1211 3174 1331 3237 nostris

382 3272 625 3356 quamplurimis
649 3291 800 3351 essemus,
822 3272 960 3336 vidimus
983 3273 1140 3337 decanum
1164 3281 1198 3337 et
1219 3284 1333 3340 canta-

382 3394 452 3438 rem
473 3383 506 3439 et
528 3373 797 3455 archidiaconum,
813 3396 924 3440 omncs
939 3378 1037 3441 etiam
1051 3376 1151 3459 ipsius
1168 3377 1333 3442 lincolni-

383 3477 468 3541 ensis
487 3477 627 3541 eeclesiae
647 3478 827 3556 canonicos,
847 3499 923 3543 cum
940 3480 1161 3562 religiosarum
1181 3500 1331 3563 persona-

382 3600 456 3643 rum
478 3578 622 3663 mandem
645 3581 847 3664 episcopatus
871 3602 940 3645 non
962 3582 1089 3646 modica
1112 3582 1333 3660 multitudine,

315 3734 318 3739 .
384 3701 496 3745 omnes
509 3681 545 3745 in
559 3681 621 3747 hoe
635 3682 866 3747 instantissime
885 3704 1094 3766 perseverare,
1110 3691 1148 3747 ut
1162 3685 1273 3748 liceret
1287 3685 1334 3748 eis

383 3783 516 3848 oonsilio
537 3783 659 3848 domini
678 3785 930 3863 Cantuariensia,
946 3786 1125 3850 Robcrtum
1139 3785 1333 3850 archidiaco-

383 3905 465 3950 num
480 3886 671 3965 Iacicestriaa,
686 3887 722 3950 in
735 3895 861 3972 patrem
875 3895 909 3952 ct
923 3889 1106 3972 episcopum
1126 3888 1188 3952 sibi
1205 3888 1332 3971 eligere.

385 3988 560 4073 Quumque
577 3990 727 4054 dominns
742 3992 983 4057 cantuariensis
1003 3992 1039 4055 in
1061 3991 1166 4074 ipsum
1188 3987 1335 4055 omnium

384 4111 572 4157 concurrere
586 4098 662 4157 vota
675 4094 882 4177 conspiceret,
896 4094 1012 4158 nolens
1026 4093 1212 4176 praedictam
1234 4092 1333 4157 aocla-

385 4193 465 4257 aiam
484 4193 608 4259 turbari
628 4194 773 4277 amplius,
790 4200 847 4258 aut
866 4196 970 4279 magis
989 4194 1092 4272 alteri,
1110 4194 1262 4277 petitioni
1281 4215 1333 4259 co·

384 4316 457 4360 rum
472 4297 691 4380 episcoporum
706 4296 847 4375 oonsilio,
863 4316 1027 4362 assensum
1042 4296 1190 4380 praebuit,
1206 4303 1240 4360 et
1253 4318 1333 4381 proe-
