3225 5192
411 661 476 726 298
715 673 872 720 ortonam
886 673 1031 720 srssoom

411 795 554 878 ipsorum
568 791 618 857 vel
632 813 764 858 suornm
783 790 817 856 id
836 792 987 874 erigente
1000 788 1193 856 neeessitste
1206 791 1365 876 supplies-

411 920 493 964 mus.
539 895 636 962 Unde
658 895 735 979 quis
755 895 964 979 presentium
985 894 1070 959 lator
1091 895 1269 960 smioornm
1289 917 1364 959 nos-

409 997 1365 1076 trorumfamiiiarisotamieusost,dileotoenobisin

410 1105 551 1172 Domino
566 1102 797 1170 benevolentia
811 1107 925 1168 vestre
938 1121 1049 1186 pronas
1067 1100 1211 1184 benigne
1229 1102 1364 1186 porrigi-

410 1231 492 1289 mus,
509 1209 661 1294 quatinus
682 1207 783 1292 ipsius
804 1205 983 1290 negotium,
999 1205 1087 1290 quod
1107 1226 1207 1290 penas
1225 1226 1280 1270 vos
1302 1213 1363 1284 est,

410 1317 568 1397 quantum
583 1310 743 1396 permittit
758 1309 892 1393 mquitss
908 1307 1131 1393 promoveatis,
1146 1315 1182 1372 et
1200 1307 1272 1392 ejus
1289 1329 1363 1392 pro

409 1414 547 1480 videndo
567 1411 775 1480 indemnitati
796 1411 903 1495 ipsum
923 1411 1013 1477 vobis
1034 1410 1211 1476 obnoxium
1232 1411 1363 1478 servito

409 1526 442 1584 et
465 1541 524 1584 nos
545 1519 658 1604 grstiae
680 1517 841 1582 debitores
862 1515 1016 1582 efficiatis.
1060 1516 1179 1581 Valere
1196 1537 1253 1582 vos
1271 1523 1361 1600 opta-

409 1643 482 1687 mus
495 1622 531 1685 in
546 1621 697 1700 Domino,
712 1618 855 1704 poterin
870 1619 1000 1684 Christo
1013 1618 1186 1684 carissime.

407 1920 627 1987 EPIS'l'OIsA
649 1919 898 1986 ocimu-sn
914 1939 1097 1984 tonsarum
1113 1939 1356 1984 oxsnronnsu-

437 2045 503 2088 ssu
520 2042 966 2103 sucu1u1scouusr,rosrss
983 2042 1106 2086 usur.
1123 2043 1323 2088 rorscoruss.

410 2177 448 2238 G.
464 2176 525 2240 Dei
535 2176 645 2259 pratia
659 2175 884 2240 londoniensis
903 2177 1064 2258 episcopas
1077 2177 1117 2240 R.
1137 2175 1359 2258 oxenfordensi

450 2278 669 2342 archidiacono
683 2280 795 2342 solutis
808 2279 968 2362 pendium,
980 2283 1011 2342 et
1020 2299 1109 2360 poem
1122 2285 1242 2342 notiore
1252 2279 1359 2361 pretio

449 2381 632 2464 superaddit
647 2381 800 2466 affectem.

450 2533 653 2600 Mnuroaurs
668 2553 762 2617 preoe
776 2533 992 2598 commonitus
1002 2531 1236 2598 benevolentia·
1246 2539 1357 2597 vestre

406 2657 515 2721 preoos
530 2637 639 2716 offero,
654 2657 697 2702 no
711 2657 731 2700 a
745 2637 857 2720 poetis,
867 2657 939 2720 quse
954 2636 1040 2702 inter
1050 2657 1105 2700 vos
1119 2643 1154 2702 at
1168 2635 1358 2718 magistrum

405 2738 513 2804 Adam
533 2738 574 2804 de
594 2739 708 2822 Longa
727 2739 802 2804 vilis
821 2739 950 2804 ffimats
967 2744 1055 2818 snut,
1070 2757 1273 2823 quocumque
1288 2759 1359 2803 sna-

406 2841 504 2906 deute
519 2863 574 2906 vos
589 2842 790 2925 aliquatenus
805 2849 863 2906 aut
877 2841 1107 2924 interpellante
1120 2841 1289 2920 reoedntis,
1304 2840 1360 2905 sed

406 2943 571 3010 soclemm
586 2965 684 3028 qnam
699 2945 769 3029 ojus
783 2943 916 3008 nomina
931 2964 1042 3008 annua
1060 2953 1099 3008 ut
1119 2943 1233 3008 asserit
1252 2943 1359 3027 pensi·

406 3069 468 3112 one
482 3047 609 3125 tenetis,
625 3047 693 3130 ipse
715 3047 750 3112 in
771 3067 872 3112 manu
888 3047 999 3112 'vestra
1017 3046 1173 3127 babeatis,
1188 3068 1232 3112 ne
1252 3047 1281 3111 si
1302 3067 1359 3131 per

405 3169 461 3213 vos
482 3149 576 3214 nliter
596 3149 632 3212 in
653 3149 741 3214 illam
764 3149 939 3232 irrepserit,
960 3157 1034 3234 post
1054 3156 1193 3216 vestram
1216 3150 1359 3214 Domino

406 3251 549 3317 donante
564 3253 799 3335 promotionem
821 3259 878 3317 aut
897 3252 939 3316 ad
958 3252 1140 3318 humilioris
1158 3252 1234 3316 vitm
1251 3251 1359 3316 studia

405 3355 583 3438 inspirante
618 3354 759 3420 Domino
788 3355 1046 3434 translationem,
1075 3362 1133 3420 aut
1162 3355 1248 3420 diem
1275 3355 1358 3419 forte

405 3478 502 3539 quern
517 3457 626 3524 nullus
641 3459 754 3526 evadet
770 3465 952 3522 extremum
964 3457 1073 3542 ipsum
1086 3479 1156 3523 rom
1171 3477 1263 3522 snam
1276 3479 1357 3521 uan-

405 3559 480 3622 cisci
500 3560 607 3625 denuo
627 3561 693 3625 suis
708 3568 746 3624 ut
767 3559 837 3624 fieri
856 3561 985 3640 assolet,
1004 3561 1170 3646 implioata
1189 3561 1360 3626 diffioultss

405 3661 568 3745 impediat.
614 3663 700 3727 Quia
719 3683 795 3726 vero
815 3663 903 3746 quod
922 3685 1052 3748 aequum
1073 3671 1123 3730 est
1144 3685 1200 3730 vos
1220 3664 1360 3729 libenter

404 3763 572 3830 observare
600 3785 667 3830 non
697 3765 837 3850 ambigo,
862 3787 973 3852 preces
999 3789 1065 3832 une
1089 3788 1165 3833 oum
1190 3765 1358 3832 obtinendi
1445 3763 1450 3770 ’

405 3868 522 3933 fidueio
536 3869 665 3953 porrigo
680 3869 833 3952 quatinus
853 3870 940 3955 quod
960 3871 1059 3936 eratis
1078 3893 1132 3937 me
1151 3893 1219 3937 non
1239 3872 1358 3955 snppli-

405 3978 498 4036 oante
513 3971 666 4050 saotunss,
682 3971 798 4037 oblatis
818 3995 839 4036 a
857 3994 910 4036 me
930 3973 1079 4056 precibus
1093 3974 1280 4060 oompleatis
1294 3973 1359 4038 sla·

405 4076 499 4141 erius.
531 4075 647 4140 Valere
661 4097 716 4140 vos
731 4074 767 4139 in
782 4076 924 4140 Domino
937 4084 1097 4162 optamus.
