3225 5192
362 672 426 735 1⁷2
674 688 836 733 ortonam
853 688 1005 734 urrecorr

359 832 442 889 mos,
458 816 496 873 ut
511 815 633 874 statuto
649 808 700 873 die
721 808 875 893 praedicto
889 809 986 875 militi
1000 810 1051 875 eui
1061 809 1186 894 copiam
1200 832 1312 877 conce·

360 913 460 991 deret,
476 912 628 995 quatinus
643 918 676 975 et
691 911 726 975 in
745 912 820 995 jure
838 918 876 975 nt
891 911 1016 976 dietum
1031 920 1081 977 est
1095 920 1190 991 stare,
1206 922 1240 977 et
1254 936 1311 998 pro

360 1038 393 1081 se
416 1036 510 1099 agere
531 1020 649 1098 posset,
667 1014 818 1079 cautione
839 1021 951 1078 tamen
973 1014 1172 1098 interposita,
1190 1024 1228 1079 ut
1249 1018 1313 1081 nisi

359 1142 435 1185 eum
444 1120 578 1183 ecclesia
586 1118 747 1197 liberaret,
759 1117 848 1181 idem
855 1118 966 1182 comiti
977 1140 1011 1183 se
1021 1118 1181 1183 redderet
1197 1120 1312 1185 Comes

358 1244 433 1287 vero
448 1244 482 1287 se
502 1221 626 1305 gravari
642 1242 796 1299 asserens,
812 1220 899 1285 diem
912 1221 1091 1304 proximam
1105 1230 1179 1304 post
1192 1223 1312 1287 festum

358 1326 446 1391 beati
466 1324 635 1389 Laurentii
654 1330 810 1403 statuens,
826 1324 869 1388 ad
881 1332 1021 1389 vestram
1041 1324 1240 1391 audientiam
1258 1349 1313 1411 ap-

358 1429 498 1512 pellavit.
544 1426 629 1493 Quia
647 1448 721 1491 vero
743 1426 960 1491 inhumanum
974 1427 1102 1491 videtur
1123 1428 1313 1512 predictum

359 1532 495 1595 militem
511 1530 724 1613 appellatione
738 1530 775 1595 in
794 1530 974 1615 longinqua
987 1532 1141 1616 protrahi,
1156 1540 1189 1597 et
1204 1542 1314 1599 tamen

358 1634 394 1698 in
412 1654 538 1699 carcere
556 1640 590 1697 et
605 1632 740 1696 vinculis
761 1632 909 1710 detineri,
924 1653 1034 1715 preces
1054 1654 1151 1716 super
1163 1635 1226 1699 hoc
1240 1635 1314 1700 sub-

358 1738 489 1801 limitati
511 1746 623 1801 vestra
645 1736 847 1819 porrigimus,
870 1743 908 1799 nt
930 1734 1042 1799 comiti
1063 1735 1253 1820 injungatis,
1275 1746 1314 1803 ut

359 1839 550 1924 praedictum
565 1838 701 1901 militem
716 1859 825 1902 coram
839 1837 929 1902 vobis
949 1844 1073 1902 statuta
1087 1839 1140 1904 die
1153 1840 1313 1920 exhibeat,

359 1943 449 2007 omni
463 1950 573 2006 tamen
588 1940 760 2005 securitate
774 1941 974 2023 interposita,
986 1941 1050 2029 nisi
1063 1964 1140 2005 eum
1154 1944 1315 2007 sententia

358 2051 465 2109 vestra
477 2043 669 2122 liberaverit,
681 2044 717 2107 in
732 2064 791 2107 sua
801 2044 930 2107 vincula
937 2044 1128 2108 revertendi.
1146 2042 1219 2110 Hoc
1226 2046 1314 2109 enim

360 2169 491 2231 aequum
517 2147 711 2211 arbitramur
736 2154 769 2211 et
795 2146 930 2225 bonum,
955 2153 989 2210 et
1014 2155 1121 2211 vestra
1149 2148 1191 2212 ad
1217 2171 1314 2232 quam

360 2251 538 2334 appellatus
553 2256 601 2315 est
618 2251 810 2315 auctoritate
824 2250 1061 2334 dignissimum,
1076 2257 1110 2316 et
1128 2273 1195 2316 non
1210 2252 1315 2316 solum

359 2353 395 2416 in
417 2352 478 2416 boc
499 2352 613 2416 honori
629 2360 744 2430 vestro,
760 2351 817 2416 sed
839 2361 872 2417 et
892 2352 963 2436 paci
979 2362 1099 2418 nostrae
1117 2355 1314 2437 quampluri-

360 2477 450 2519 mum
465 2454 680 2540 providebitis.
712 2455 827 2519 Unum
841 2456 928 2520 enim
943 2462 1089 2539 superest
1104 2457 1189 2541 quod
1203 2457 1315 2521 adver-

359 2565 427 2622 tere
451 2558 720 2623 consultissimam
739 2559 946 2642 prudentiam
960 2566 1100 2623 vestram
1119 2559 1237 2625 obnixe
1258 2559 1314 2623 de·

359 2661 529 2744 poscimus.
572 2662 686 2727 Comes
703 2660 902 2727 Herefordiae
916 2662 1194 2727 excommunicato
1208 2670 1313 2726 vestro

360 2764 525 2829 Willelmo
552 2765 592 2830 de
622 2766 837 2848 Bellocampo,
863 2786 924 2848 per
949 2766 1060 2829 omnia
1085 2766 1312 2830 communicat.

361 2866 436 2933 Qua
456 2867 492 2931 in
513 2888 548 2931 re
571 2888 696 2933 summe
717 2868 934 2932 necessarium
951 2876 1011 2948 est,
1026 2876 1065 2933 ut
1079 2868 1226 2932 districto
1245 2876 1314 2932 tam

360 2970 466 3054 ipsum
481 2992 578 3055 quam
597 2992 656 3037 uos
676 2971 831 3036 mandato
849 2972 1002 3054 urgeatis,
1017 2978 1055 3035 ut
1070 2979 1128 3036 aut
1143 2972 1212 3055 ejus
1226 2992 1312 3036 com-

359 3075 514 3139 munione
535 3081 569 3139 et
591 3076 743 3140 societate
764 3076 935 3156 abstineat,
951 3084 1009 3141 aut
1030 3078 1137 3161 ipsum
1157 3100 1216 3162 par
1236 3100 1313 3141 ana·

359 3175 511 3241 thematis
533 3179 695 3243 sententia
716 3180 865 3245 involvat.
910 3180 1045 3244 Vilescit
1067 3180 1155 3244 enim
1178 3180 1312 3245 anathe-

359 3279 456 3341 matis
471 3280 654 3360 auctoritas,
669 3281 732 3345 nisi
751 3290 783 3345 et
801 3283 1078 3347 communicantes
1093 3284 1312 3348 excommuni-

359 3380 439 3445 catis
469 3382 618 3466 corripiat
648 3384 747 3467 digna
776 3386 937 3448 severitas.
986 3384 1084 3449 Unde
1113 3385 1140 3447 si
1168 3392 1311 3449 vestrum

360 3483 445 3547 circa
466 3483 535 3549 haee
555 3486 660 3550 zelum
679 3488 820 3552 exerceri
838 3487 1006 3571 placuerit,
1025 3487 1089 3552 nisi
1111 3509 1130 3552 a
1150 3487 1311 3571 praedictis

359 3587 537 3667 cessaverit,
553 3590 871 3654 excommunicatum
884 3612 960 3655 eum
977 3590 1106 3674 publice
1125 3589 1312 3656 denuntiari
1332 3624 1337 3631 ·

360 3689 530 3771 oportebit.
575 3691 692 3757 Valeat
707 3691 858 3757 dominus
871 3714 964 3758 meus
978 3693 1171 3758 canssimus.
1286 3756 1291 3761 .

446 3915 667 3983 EPISTOLA
689 3920 954 3984 oxma-m
993 3966 1220 3985 .....

378 4052 438 4116 Pie
451 4054 617 4119 salutantis
632 4056 784 4139 affectum,
800 4064 831 4121 el
844 4060 962 4121 amere
977 4058 1133 4141 dllipents‘s
1147 4058 1288 4140 officim

389 4206 641 4272 Ircouunmsrr
651 4215 775 4288 vestrae,
786 4208 902 4274 dilecte
910 4209 1311 4293 fraterinDomino,quam
1358 4195 1374 4216 ⁴

361 4310 562 4393 quorundam
591 4313 697 4378 relatu
726 4313 944 4396 cognovimus,
972 4312 1093 4379 affectu
1117 4312 1214 4396 pleno
1235 4333 1309 4377 con·
