3225 5192
336 619 399 683 146
642 632 802 675 ornamur
820 630 973 675 rrrscorr

332 758 422 833 rires,
438 754 511 818 ilioo
533 750 700 817 surrexisti
720 750 841 826 dicens,
858 753 869 783 ‘
879 748 954 811 Vox
975 744 1086 810 dileoti
1107 743 1289 831 pulsantis!

336 859 423 923 Usus
441 854 573 920 oonsilio
593 874 670 917 saue
689 849 854 926 laudabili,
874 849 931 933 qui
950 847 1074 912 auctori
1094 848 1169 911 vitae
1188 846 1290 909 domi·

335 960 454 1037 uilium,
468 980 537 1023 non
559 957 664 1020 solum
685 955 720 1019 iu
742 960 786 1031 te,
805 952 862 1016 sed
880 960 915 1016 et
936 952 1077 1035 teipsum
1094 948 1291 1033 praeparasti.

337 1062 499 1147 Experiris
514 1059 595 1125 illud
608 1064 692 1137 tute,
707 1056 793 1141 quod
813 1055 958 1139 apostolo
975 1054 1016 1119 de
1030 1053 1178 1137 supernis
1199 1054 1292 1117 iuno-

337 1168 420 1243 tuit3
441 1165 570 1229 Durum
585 1169 634 1228 est
649 1160 711 1225 tibi
721 1166 835 1225 eontra
845 1158 994 1222 stimulor
1008 1157 1184 1221 calcitrare.
1205 1156 1293 1219 Nam

340 1268 471 1353 quidam
500 1266 574 1329 vitae
602 1262 753 1326 stimulus
779 1268 839 1341 eat,
863 1266 897 1325 et
922 1259 1054 1343 quidam
1082 1261 1205 1325 mortis.
1250 1258 1294 1321 Et

340 1370 453 1435 mortis
484 1366 614 1450 quidem
644 1364 793 1429 stimulus
823 1370 991 1447 peoeatum
1021 1371 1080 1426 est.
1139 1363 1229 1425 Nam
1256 1367 1295 1423 ut

341 1492 440 1557 pecus
454 1477 590 1553 urgetur
605 1467 745 1546 stimulo,
761 1474 799 1531 ut
819 1468 978 1549 irrumpat
998 1473 1031 1529 et
1049 1465 1210 1549 impingat
1233 1484 1296 1545 quo

342 1576 412 1639 vult
433 1574 502 1657 ipre
526 1573 581 1657 qui
607 1571 762 1648 stimulat,
787 1570 833 1633 sio
853 1578 1022 1653 peceatum
1048 1588 1145 1652 quem
1170 1568 1297 1651 pungit,

343 1682 449 1759 urget,
476 1683 509 1737 et
535 1674 687 1757 impingit
716 1671 940 1737 indubitanter
962 1670 1005 1734 ad
1027 1678 1175 1734 mortem.
1233 1670 1296 1733 Sti-

342 1776 462 1865 pendia
476 1796 617 1858 uamque
632 1774 755 1859 peccati
769 1796 866 1839 mors.
911 1774 1025 1857 Longe
1040 1781 1184 1837 mentem
1206 1772 1299 1835 aliter

346 1879 496 1945 stimulus
511 1878 628 1942 amoris
642 1878 794 1961 exagitat.
819 1877 907 1941 Vitae
920 1896 1061 1959 namque
1076 1875 1226 1939 stimulus
1240 1882 1300 1953 est,

347 1990 380 2047 et
401 1989 564 2045 amantem
585 1979 712 2044 fortiter
730 1986 827 2063 urget
846 1979 886 2043 ad
906 1980 1016 2043 vitam.
1061 1979 1185 2042 Contra
1204 1998 1300 2063 quem

348 2085 522 2161 calcitrare,
545 2091 614 2147 tam
643 2082 761 2147 durum
791 2089 850 2161 est,
875 2102 972 2166 quam
998 2081 1125 2145 cantati
1153 2078 1303 2145 reluctari

350 2186 486 2253 difficile.
524 2186 612 2249 Nam
626 2183 718 2249 fortis
733 2192 782 2249 est
800 2192 838 2247 ut
853 2206 939 2251 mors
956 2185 1095 2249 dileetio.
1134 2184 1303 2267 Separata

254 2290 259 2300 '
350 2309 447 2355 carne
460 2308 557 2364 mors,
573 2308 593 2351 a
607 2287 729 2351 mundo
745 2286 868 2366 dividit,
884 2288 978 2353 sicet
992 2308 1082 2353 amor
1096 2295 1228 2352 sanetus
1241 2287 1303 2349 etsi

351 2394 447 2475 longe
461 2388 611 2468 nobilius,
623 2412 644 2455 a
658 2390 779 2455 mundo
794 2396 906 2454 tamen
921 2398 954 2455 et
969 2412 990 2454 a
1002 2412 1100 2455 earne
1114 2396 1303 2473 sequestrat.

351 2495 414 2561 Illo
435 2493 535 2559 trabit
555 2493 642 2557 uude
657 2499 715 2571 est,
731 2514 799 2557 non
816 2514 837 2557 a
857 2492 980 2558 mundo
996 2502 1056 2572 est,
1072 2515 1140 2558 nou
1159 2514 1180 2557 a
1198 2512 1303 2571 earne,

351 2620 419 2665 uon
439 2618 478 2661 ex
495 2595 717 2679 sanguinibus,
733 2618 840 2682 neque
854 2618 874 2661 a
887 2597 1055 2661 voluntate
1068 2596 1185 2674 carnia
1200 2616 1305 2679 neque

354 2723 393 2767 er
407 2701 573 2765 voluntate
591 2699 660 2776 viri,
675 2698 732 2763 sed
751 2720 791 2763 ex
811 2698 883 2763 Deo
903 2706 1001 2763 natus
1020 2705 1080 2761 est.
1124 2698 1179 2763 Ad
1199 2698 1305 2780 ipsum

354 2804 472 2882 trahat,
488 2803 556 2887 ipse
571 2801 644 2865 linis
659 2801 776 2865 amoris
790 2808 849 2865 est.
895 2802 946 2865 De
961 2822 1026 2884 quo
1040 2800 1156 2879 David,
1172 2800 1307 2864 ‘Omnis

356 2904 641 2973 cousummationis
660 2903 725 2967 ridi
748 2903 869 2967 finem!
914 2902 958 2967 Iu
973 2902 1063 2967 buno
1082 2904 1182 2967 finem
1202 2902 1308 2967 tendit

357 3031 457 3088 amor,
468 3029 528 3071 nee
540 3014 588 3071 est
602 3026 702 3087 vagus
718 3028 807 3069 amor
821 3006 876 3070 ille
891 3006 947 3089 qui
962 3013 1093 3071 sauctus
1107 3014 1168 3071 est
1199 3004 1309 3071 Habet

357 3132 423 3197 prae
452 3132 486 3174 se
511 3130 607 3193 quem
631 3109 746 3191 diligit,
770 3108 853 3173 illud
877 3110 973 3174 eorde
998 3110 1119 3189 dieens,
1144 3110 1227 3175 illud
1254 3130 1310 3175 ore

357 3213 544 3289 decantans,
570 3210 686 3275 ‘Oeuli
708 3212 772 3275 moi
798 3232 924 3294 semper
947 3212 989 3277 ad
1012 3212 1212 3280 Dominum!
1267 3212 1311 3276 ln

357 3316 446 3381 huno
472 3315 601 3378 oculum
624 3313 772 3392 defixisti,
795 3314 831 3378 iu
856 3316 926 3397 ipso
949 3315 1011 3379 tibi
1031 3316 1234 3399 complacuit,
1258 3316 1312 3379 oui

359 3438 523 3503 speramus
537 3416 636 3480 etiam
649 3416 879 3498 complacuisse
895 3416 931 3479 in
950 3425 994 3483 te.
1040 3415 1140 3481 Hune
1154 3440 1212 3501 per
1225 3418 1311 3483 viam

361 3528 484 3585 aretam
498 3526 531 3583 et
549 3518 682 3583 arduam
703 3524 857 3602 sequutus
872 3540 916 3598 es,
931 3526 965 3584 et
979 3520 1096 3585 amoris
1115 3528 1150 3584 te
1162 3521 1313 3585 trahente

362 3623 517 3701 funiculo,
529 3643 596 3687 non
607 3622 648 3685 ad
659 3621 825 3685 dexteram
835 3623 885 3687 vel
899 3622 942 3687 ad
956 3623 1119 3687 sinistram
1134 3622 1312 3689 declinasti

364 3726 443 3789 Non
458 3724 624 3808 respexisti
640 3724 681 3789 ad
701 3745 861 3809 prospera,
877 3731 910 3789 et
925 3725 1058 3790 adversa
1070 3725 1244 3791 formidare
1258 3725 1313 3789 de-

365 3828 517 3913 dignatus
532 3848 575 3891 es.
620 3826 818 3891 crucifixum
832 3848 960 3890 orueem
975 3829 1043 3912 ejus
1053 3827 1227 3911 bajulando
1241 3848 1313 3910 pro-

365 3931 515 4015 sequeris,
530 3950 658 3995 orueem
674 3930 825 4013 exprimis
839 3930 964 4008 babitu,
979 3952 1107 3995 erucem
1122 3938 1233 3996 mente
1243 3952 1314 4016 per-

364 4042 492 4099 traotas.
540 4030 619 4097 Haeo
641 4054 769 4097 sursum
791 4041 889 4117 caput
908 4034 1044 4112 elevans,
1056 4034 1127 4117 jam
1145 4034 1234 4099 eoelis
1254 4034 1315 4098 im-

366 4144 467 4222 perat,
482 4136 609 4203 inferna
624 4136 773 4201 deorsum
793 4137 921 4220 premit,
941 4137 1042 4221 ipsius
1063 4138 1149 4201 affixi
1167 4138 1316 4202 manibus

364 4248 467 4308 totam
490 4240 603 4305 mundi
623 4239 830 4304 latitudinem
848 4241 925 4306 hino
944 4252 977 4306 et
995 4240 1070 4305 inde
1091 4243 1319 4325 eompleotens,
