<?xml version="1.0" encoding="UTF-8"?>
<!DOCTYPE html PUBLIC "-//W3C//DTD XHTML 1.0 Transitional//EN"
    "http://www.w3.org/TR/xhtml1/DTD/xhtml1-transitional.dtd">
<html xmlns="http://www.w3.org/1999/xhtml" xml:lang="en" lang="en">
 <head>
  <title>
</title>
<meta http-equiv="Content-Type" content="text/html;charset=utf-8" />
  <meta name='ocr-system' content='tesseract 3.04.00' />
  <meta name='ocr-capabilities' content='ocr_page ocr_carea ocr_par ocr_line ocrx_word'/>
</head>
<body>
  <div class='ocr_page' id='page_1' title='image "./gilbertiexabbat00gilegoog_0340.png"; bbox 0 0 3225 5192; ppageno 0'>
   <div class='ocr_carea' id='block_1_1' title="bbox 232 669 1184 756">
    <p class='ocr_par' dir='ltr' id='par_1_1' title="bbox 232 669 1184 756">
     <span class='ocr_line' id='line_1_1' title="bbox 232 669 1184 756; baseline 0.006 -21"><span class='ocrx_word' id='word_1_1' title='bbox 232 694 300 737; x_wconf 68' lang='lat' dir='ltr'><strong>nn.</strong></span> <span class='ocrx_word' id='word_1_2' title='bbox 320 672 517 756; x_wconf 65' lang='lat' dir='ltr'><strong>nol-89]</strong></span> <span class='ocrx_word' id='word_1_3' title='bbox 563 669 1005 740; x_wconf 71' lang='lat' dir='ltr'><strong>uonoorirunsrcnrmronn.</strong></span> <span class='ocrx_word' id='word_1_4' title='bbox 1119 677 1184 741; x_wconf 77' lang='lat'><strong>299</strong></span> 
     </span>
    </p>
   </div>
   <div class='ocr_carea' id='block_1_2' title="bbox 395 1023 1016 1090">
    <p class='ocr_par' dir='ltr' id='par_1_2' title="bbox 395 1023 1016 1090">
     <span class='ocr_line' id='line_1_2' title="bbox 395 1023 1016 1090; baseline 0 -2"><span class='ocrx_word' id='word_1_5' title='bbox 395 1023 615 1088; x_wconf 78' lang='lat' dir='ltr'>EPIS&#39;POLA</span> <span class='ocrx_word' id='word_1_6' title='bbox 637 1023 845 1088; x_wconf 68' lang='lat' dir='ltr'><strong>omn-nn</strong></span> <span class='ocrx_word' id='word_1_7' title='bbox 861 1045 1016 1090; x_wconf 74' lang='lat' dir='ltr'><strong>nornen.</strong></span> 
     </span>
    </p>
   </div>
   <div class='ocr_carea' id='block_1_3' title="bbox 236 1169 1185 1460">
    <p class='ocr_par' dir='ltr' id='par_1_3' title="bbox 236 1169 1185 1460">
     <span class='ocr_line' id='line_1_3' title="bbox 236 1169 1185 1254; baseline 0.002 -20"><span class='ocrx_word' id='word_1_8' title='bbox 236 1171 393 1234; x_wconf 80' lang='lat' dir='ltr'><strong>Gilbertur</strong></span> <span class='ocrx_word' id='word_1_9' title='bbox 407 1172 469 1234; x_wconf 81' lang='lat' dir='ltr'><strong>Dei</strong></span> <span class='ocrx_word' id='word_1_10' title='bbox 478 1171 587 1253; x_wconf 68' lang='lat' dir='ltr'><strong>qratia</strong></span> <span class='ocrx_word' id='word_1_11' title='bbox 601 1169 825 1235; x_wconf 75' lang='lat' dir='ltr'><strong>Loodoniemir</strong></span> <span class='ocrx_word' id='word_1_12' title='bbox 838 1173 997 1254; x_wconf 70' lang='lat' dir='ltr'><strong>episcopm</strong></span> <span class='ocrx_word' id='word_1_13' title='bbox 1011 1172 1051 1236; x_wconf 83' lang='lat' dir='ltr'><strong>R.</strong></span> <span class='ocrx_word' id='word_1_14' title='bbox 1067 1173 1185 1236; x_wconf 69' lang='lat' dir='ltr'><strong>Ouene-</strong></span> 
     </span>
     <span class='ocr_line' id='line_1_4' title="bbox 268 1274 1184 1358; baseline 0.002 -20"><span class='ocrx_word' id='word_1_15' title='bbox 268 1274 413 1356; x_wconf 76' lang='lat' dir='ltr'><strong>sordcnet</strong></span> <span class='ocrx_word' id='word_1_16' title='bbox 424 1274 642 1338; x_wconf 76' lang='lat' dir='ltr'><strong>arctidiocmeo</strong></span> <span class='ocrx_word' id='word_1_17' title='bbox 657 1275 855 1358; x_wconf 74' lang='lat' dir='ltr'><strong><em>multiplicem</em></strong></span> <span class='ocrx_word' id='word_1_18' title='bbox 874 1296 913 1340; x_wconf 80' lang='lat' dir='ltr'><strong>ec</strong></span> <span class='ocrx_word' id='word_1_19' title='bbox 932 1281 1060 1358; x_wconf 81' lang='lat' dir='ltr'><strong>occepta</strong></span> <span class='ocrx_word' id='word_1_20' title='bbox 1080 1295 1184 1340; x_wconf 77' lang='lat' dir='ltr'><strong>coneo-</strong></span> 
     </span>
     <span class='ocr_line' id='line_1_5' title="bbox 277 1378 756 1460; baseline -0.002 -18"><span class='ocrx_word' id='word_1_21' title='bbox 277 1379 392 1442; x_wconf 81' lang='lat' dir='ltr'><strong>lotione</strong></span> <span class='ocrx_word' id='word_1_22' title='bbox 402 1378 581 1460; x_wconf 65' lang='lat' dir='ltr'><strong>gratiarum</strong></span> <span class='ocrx_word' id='word_1_23' title='bbox 595 1378 756 1443; x_wconf 72' lang='lat' dir='ltr'><strong>actionem</strong></span> 
     </span>
    </p>
   </div>
   <div class='ocr_carea' id='block_1_4' title="bbox 233 1527 1187 1718">
    <p class='ocr_par' dir='ltr' id='par_1_4' title="bbox 233 1527 1187 1718">
     <span class='ocr_line' id='line_1_6' title="bbox 278 1527 1187 1614; baseline -0.002 -20"><span class='ocrx_word' id='word_1_24' title='bbox 278 1529 415 1594; x_wconf 76' lang='lat' dir='ltr'><strong>Mundus</strong></span> <span class='ocrx_word' id='word_1_25' title='bbox 438 1549 589 1594; x_wconf 76' lang='lat' dir='ltr'><strong>mnarum</strong></span> <span class='ocrx_word' id='word_1_26' title='bbox 611 1549 780 1614; x_wconf 73' lang='lat' dir='ltr'><strong>oppressus</strong></span> <span class='ocrx_word' id='word_1_27' title='bbox 802 1527 964 1608; x_wconf 71' lang='lat' dir='ltr'><strong>oneribus,</strong></span> <span class='ocrx_word' id='word_1_28' title='bbox 983 1527 1062 1612; x_wconf 90' lang='lat' dir='ltr'><strong>quid</strong></span> <span class='ocrx_word' id='word_1_29' title='bbox 1083 1528 1187 1593; x_wconf 82' lang='lat' dir='ltr'><strong>nmioo</strong></span> 
     </span>
     <span class='ocr_line' id='line_1_7' title="bbox 233 1631 1187 1718; baseline -0.004 -18"><span class='ocrx_word' id='word_1_30' title='bbox 233 1633 406 1700; x_wconf 75' lang='lat' dir='ltr'>rescribam</span> <span class='ocrx_word' id='word_1_31' title='bbox 433 1639 620 1718; x_wconf 85' lang='lat' dir='ltr'><strong>promptum</strong></span> <span class='ocrx_word' id='word_1_32' title='bbox 642 1654 710 1699; x_wconf 89' lang='lat' dir='ltr'><strong>uon</strong></span> <span class='ocrx_word' id='word_1_33' title='bbox 734 1631 849 1712; x_wconf 84' lang='lat' dir='ltr'><strong>habeo,</strong></span> <span class='ocrx_word' id='word_1_34' title='bbox 875 1631 939 1696; x_wconf 82' lang='lat' dir='ltr'><strong>uici</strong></span> <span class='ocrx_word' id='word_1_35' title='bbox 964 1631 1187 1716; x_wconf 87' lang='lat' dir='ltr'><strong>propheticum</strong></span> 
     </span>
    </p>
   </div>
   <div class='ocr_carea' id='block_1_5' title="bbox 112 1729 1186 1820">
    <p class='ocr_par' dir='ltr' id='par_1_5' title="bbox 112 1729 1186 1820">
     <span class='ocr_line' id='line_1_8' title="bbox 112 1729 1186 1820; baseline -0.006 -17"><span class='ocrx_word' id='word_1_36' title='bbox 112 1729 115 1734; x_wconf 72' lang='grc'><strong>’</strong></span> <span class='ocrx_word' id='word_1_37' title='bbox 233 1737 315 1802; x_wconf 87' lang='lat' dir='ltr'><strong>illud</strong></span> <span class='ocrx_word' id='word_1_38' title='bbox 346 1735 557 1814; x_wconf 79' lang='lat' dir='ltr'><strong>solummodo,</strong></span> <span class='ocrx_word' id='word_1_39' title='bbox 588 1735 673 1819; x_wconf 92' lang='lat' dir='ltr'><strong>quod</strong></span> <span class='ocrx_word' id='word_1_40' title='bbox 709 1755 783 1802; x_wconf 87' lang='lat' dir='ltr'><strong>cum</strong></span> <span class='ocrx_word' id='word_1_41' title='bbox 820 1755 905 1820; x_wconf 77' lang='lat' dir='ltr'><strong>oaepe</strong></span> <span class='ocrx_word' id='word_1_42' title='bbox 941 1733 1186 1812; x_wconf 74' lang='lat' dir='ltr'>decantaverim,</span> 
     </span>
    </p>
   </div>
   <div class='ocr_carea' id='block_1_6' title="bbox 234 1837 1190 3978">
    <p class='ocr_par' dir='ltr' id='par_1_6' title="bbox 234 1837 1190 3978">
     <span class='ocr_line' id='line_1_9' title="bbox 234 1837 1188 1923; baseline -0.005 -17"><span class='ocrx_word' id='word_1_43' title='bbox 234 1861 323 1906; x_wconf 91' lang='lat' dir='ltr'><strong>nuno</strong></span> <span class='ocrx_word' id='word_1_44' title='bbox 345 1839 382 1904; x_wconf 90' lang='lat' dir='ltr'><strong>in</strong></span> <span class='ocrx_word' id='word_1_45' title='bbox 406 1838 620 1904; x_wconf 78' lang='lat' dir='ltr'><strong>amaritudine</strong></span> <span class='ocrx_word' id='word_1_46' title='bbox 643 1838 766 1922; x_wconf 69' lang='lat' dir='ltr'><strong>ponitus</strong></span> <span class='ocrx_word' id='word_1_47' title='bbox 790 1838 928 1923; x_wconf 84' lang='lat' dir='ltr'><strong>experiri</strong></span> <span class='ocrx_word' id='word_1_48' title='bbox 951 1837 1124 1921; x_wconf 85' lang='lat' dir='ltr'><strong>compellor</strong></span> <span class='ocrx_word' id='word_1_49' title='bbox 1150 1846 1188 1902; x_wconf 89' lang='lat' dir='ltr'><strong>nt</strong></span> 
     </span>
     <span class='ocr_line' id='line_1_10' title="bbox 235 1941 1188 2022; baseline -0.004 -14"><span class='ocrx_word' id='word_1_50' title='bbox 235 1943 350 2022; x_wconf 82' lang='lat' dir='ltr'><strong>dicem,</strong></span> <span class='ocrx_word' id='word_1_51' title='bbox 376 1949 448 2008; x_wconf 82' lang='lat' dir='ltr'><strong>tote</strong></span> <span class='ocrx_word' id='word_1_52' title='bbox 470 1941 522 2008; x_wconf 89' lang='lat' dir='ltr'><strong>die</strong></span> <span class='ocrx_word' id='word_1_53' title='bbox 545 1941 739 2008; x_wconf 83' lang='lat' dir='ltr'><strong>verecundie</strong></span> <span class='ocrx_word' id='word_1_54' title='bbox 763 1963 837 2007; x_wconf 82' lang='lat' dir='ltr'><strong>meo</strong></span> <span class='ocrx_word' id='word_1_55' title='bbox 862 1962 970 2007; x_wconf 78' lang='lat' dir='ltr'><strong>corum</strong></span> <span class='ocrx_word' id='word_1_56' title='bbox 994 1961 1048 2006; x_wconf 91' lang='lat' dir='ltr'><strong>me</strong></span> <span class='ocrx_word' id='word_1_57' title='bbox 1070 1946 1130 2020; x_wconf 82' lang='lat' dir='ltr'><strong>eet,</strong></span> <span class='ocrx_word' id='word_1_58' title='bbox 1152 1947 1188 2005; x_wconf 91' lang='lat' dir='ltr'><strong>et</strong></span> 
     </span>
     <span class='ocr_line' id='line_1_11' title="bbox 234 2042 1187 2130; baseline -0.003 -20"><span class='ocrx_word' id='word_1_59' title='bbox 234 2045 379 2110; x_wconf 78' lang='lat' dir='ltr'><strong>conlusio</strong></span> <span class='ocrx_word' id='word_1_60' title='bbox 393 2044 486 2110; x_wconf 81' lang='lat' dir='ltr'><strong>faciei</strong></span> <span class='ocrx_word' id='word_1_61' title='bbox 500 2065 582 2110; x_wconf 82' lang='lat' dir='ltr'><strong>meae</strong></span> <span class='ocrx_word' id='word_1_62' title='bbox 596 2045 760 2130; x_wconf 81' lang='lat' dir='ltr'><strong>cooperuit</strong></span> <span class='ocrx_word' id='word_1_63' title='bbox 775 2065 838 2108; x_wconf 88' lang='lat' dir='ltr'><strong>me.</strong></span> <span class='ocrx_word' id='word_1_64' title='bbox 883 2043 1108 2128; x_wconf 79' lang='lat' dir='ltr'><strong>Spectaculum</strong></span> <span class='ocrx_word' id='word_1_65' title='bbox 1123 2042 1187 2107; x_wconf 81' lang='lat' dir='ltr'><strong>fec·</strong></span> 
     </span>
     <span class='ocr_line' id='line_1_12' title="bbox 235 2145 1187 2232; baseline -0.004 -18"><span class='ocrx_word' id='word_1_66' title='bbox 235 2157 289 2214; x_wconf 81' lang='lat' dir='ltr'><strong>tuo</strong></span> <span class='ocrx_word' id='word_1_67' title='bbox 303 2170 376 2214; x_wconf 82' lang='lat' dir='ltr'><strong>sum</strong></span> <span class='ocrx_word' id='word_1_68' title='bbox 390 2148 513 2216; x_wconf 87' lang='lat' dir='ltr'><strong>mundo</strong></span> <span class='ocrx_word' id='word_1_69' title='bbox 528 2156 562 2216; x_wconf 86' lang='lat' dir='ltr'><strong>et</strong></span> <span class='ocrx_word' id='word_1_70' title='bbox 575 2147 762 2216; x_wconf 82' lang='lat' dir='ltr'><strong>hominibus</strong></span> <span class='ocrx_word' id='word_1_71' title='bbox 777 2149 854 2232; x_wconf 83' lang='lat' dir='ltr'><strong>quio</strong></span> <span class='ocrx_word' id='word_1_72' title='bbox 867 2147 995 2212; x_wconf 82' lang='lat' dir='ltr'><strong>fortiter</strong></span> <span class='ocrx_word' id='word_1_73' title='bbox 1008 2145 1120 2210; x_wconf 77' lang='lat' dir='ltr'><strong>afflixit</strong></span> <span class='ocrx_word' id='word_1_74' title='bbox 1134 2167 1187 2211; x_wconf 86' lang='lat' dir='ltr'><strong>mo</strong></span> 
     </span>
     <span class='ocr_line' id='line_1_13' title="bbox 235 2250 1188 2335; baseline -0.002 -20"><span class='ocrx_word' id='word_1_75' title='bbox 235 2251 401 2318; x_wconf 76' lang='lat' dir='ltr'><strong>inimicus:</strong></span> <span class='ocrx_word' id='word_1_76' title='bbox 424 2273 540 2318; x_wconf 76' lang='lat' dir='ltr'><strong>munuc</strong></span> <span class='ocrx_word' id='word_1_77' title='bbox 563 2251 697 2318; x_wconf 89' lang='lat' dir='ltr'><strong>Domini</strong></span> <span class='ocrx_word' id='word_1_78' title='bbox 717 2251 827 2334; x_wconf 78' lang='lat' dir='ltr'><strong>tetigit</strong></span> <span class='ocrx_word' id='word_1_79' title='bbox 850 2271 912 2330; x_wconf 90' lang='lat' dir='ltr'><strong>me,</strong></span> <span class='ocrx_word' id='word_1_80' title='bbox 934 2271 1007 2335; x_wconf 81' lang='lat' dir='ltr'><strong>queo</strong></span> <span class='ocrx_word' id='word_1_81' title='bbox 1028 2269 1082 2314; x_wconf 91' lang='lat' dir='ltr'><strong>me</strong></span> <span class='ocrx_word' id='word_1_82' title='bbox 1104 2250 1188 2314; x_wconf 91' lang='lat' dir='ltr'><strong>mul-</strong></span> 
     </span>
     <span class='ocr_line' id='line_1_14' title="bbox 236 2352 1187 2438; baseline -0.001 -20"><span class='ocrx_word' id='word_1_83' title='bbox 236 2363 308 2420; x_wconf 91' lang='lat' dir='ltr'><strong>tum</strong></span> <span class='ocrx_word' id='word_1_84' title='bbox 322 2355 449 2422; x_wconf 79' lang='lat' dir='ltr'><strong>elevem</strong></span> <span class='ocrx_word' id='word_1_85' title='bbox 463 2354 596 2419; x_wconf 75' lang='lat' dir='ltr'><strong>tandem</strong></span> <span class='ocrx_word' id='word_1_86' title='bbox 611 2355 751 2438; x_wconf 77' lang='lat' dir='ltr'><strong>graviter</strong></span> <span class='ocrx_word' id='word_1_87' title='bbox 766 2355 864 2418; x_wconf 78' lang='lat' dir='ltr'><strong>allisit</strong></span> <span class='ocrx_word' id='word_1_88' title='bbox 883 2375 947 2418; x_wconf 91' lang='lat' dir='ltr'><strong>me.</strong></span> <span class='ocrx_word' id='word_1_89' title='bbox 990 2352 1046 2417; x_wconf 85' lang='lat' dir='ltr'><strong>Ad</strong></span> <span class='ocrx_word' id='word_1_90' title='bbox 1064 2353 1187 2418; x_wconf 77' lang='lat' dir='ltr'><strong>miceri-</strong></span> 
     </span>
     <span class='ocr_line' id='line_1_15' title="bbox 236 2456 1189 2540; baseline -0.004 -16"><span class='ocrx_word' id='word_1_91' title='bbox 236 2479 328 2524; x_wconf 83' lang='lat' dir='ltr'><strong>arum</strong></span> <span class='ocrx_word' id='word_1_92' title='bbox 354 2457 476 2522; x_wconf 82' lang='lat' dir='ltr'><strong>accedit</strong></span> <span class='ocrx_word' id='word_1_93' title='bbox 502 2457 668 2521; x_wconf 87' lang='lat' dir='ltr'><strong>cumulum</strong></span> <span class='ocrx_word' id='word_1_94' title='bbox 692 2456 778 2540; x_wconf 88' lang='lat' dir='ltr'><strong>quod</strong></span> <span class='ocrx_word' id='word_1_95' title='bbox 801 2457 837 2520; x_wconf 90' lang='lat' dir='ltr'><strong>iu</strong></span> <span class='ocrx_word' id='word_1_96' title='bbox 862 2464 1014 2540; x_wconf 85' lang='lat' dir='ltr'><strong>promptu</strong></span> <span class='ocrx_word' id='word_1_97' title='bbox 1042 2476 1111 2520; x_wconf 92' lang='lat' dir='ltr'><strong>non</strong></span> <span class='ocrx_word' id='word_1_98' title='bbox 1139 2463 1189 2520; x_wconf 78' lang='lat' dir='ltr'><strong>eet</strong></span> 
     </span>
     <span class='ocr_line' id='line_1_16' title="bbox 235 2555 1188 2644; baseline -0.005 -18"><span class='ocrx_word' id='word_1_99' title='bbox 235 2561 321 2626; x_wconf 88' lang='lat' dir='ltr'><strong>unde</strong></span> <span class='ocrx_word' id='word_1_100' title='bbox 351 2566 448 2644; x_wconf 80' lang='lat' dir='ltr'><strong>queat</strong></span> <span class='ocrx_word' id='word_1_101' title='bbox 478 2557 584 2642; x_wconf 83' lang='lat' dir='ltr'><strong>expeti</strong></span> <span class='ocrx_word' id='word_1_102' title='bbox 612 2557 663 2622; x_wconf 89' lang='lat' dir='ltr'><strong>vel</strong></span> <span class='ocrx_word' id='word_1_103' title='bbox 692 2557 813 2640; x_wconf 78' lang='lat' dir='ltr'><strong>operari</strong></span> <span class='ocrx_word' id='word_1_104' title='bbox 849 2555 1037 2620; x_wconf 89' lang='lat' dir='ltr'><strong>remedium.</strong></span> <span class='ocrx_word' id='word_1_105' title='bbox 1093 2556 1188 2621; x_wconf 82' lang='lat' dir='ltr'><strong>Mure</strong></span> 
     </span>
     <span class='ocr_line' id='line_1_17' title="bbox 235 2653 1189 2743; baseline -0.002 -18"><span class='ocrx_word' id='word_1_106' title='bbox 235 2661 316 2725; x_wconf 91' lang='lat' dir='ltr'><strong>mihi</strong></span> <span class='ocrx_word' id='word_1_107' title='bbox 330 2661 475 2726; x_wconf 79' lang='lat' dir='ltr'><strong>clausum</strong></span> <span class='ocrx_word' id='word_1_108' title='bbox 490 2653 587 2724; x_wconf 76' lang='lat' dir='ltr'><strong>estet</strong></span> <span class='ocrx_word' id='word_1_109' title='bbox 601 2663 714 2742; x_wconf 81' lang='lat' dir='ltr'><strong>portur</strong></span> <span class='ocrx_word' id='word_1_110' title='bbox 729 2678 841 2722; x_wconf 79' lang='lat' dir='ltr'><strong>omnes</strong></span> <span class='ocrx_word' id='word_1_111' title='bbox 856 2658 1103 2742; x_wconf 75' lang='lat' dir='ltr'><strong>circumquaque</strong></span> <span class='ocrx_word' id='word_1_112' title='bbox 1117 2680 1189 2743; x_wconf 87' lang='lat' dir='ltr'><strong>pro·</strong></span> 
     </span>
     <span class='ocr_line' id='line_1_18' title="bbox 236 2760 1190 2836; baseline -0.002 -8"><span class='ocrx_word' id='word_1_113' title='bbox 236 2763 342 2836; x_wconf 88' lang='lat' dir='ltr'><strong>hibiti.</strong></span> <span class='ocrx_word' id='word_1_114' title='bbox 388 2763 481 2828; x_wconf 84' lang='lat' dir='ltr'><strong>Inter</strong></span> <span class='ocrx_word' id='word_1_115' title='bbox 501 2761 620 2828; x_wconf 78' lang='lat' dir='ltr'><strong>amicos</strong></span> <span class='ocrx_word' id='word_1_116' title='bbox 640 2766 674 2826; x_wconf 89' lang='lat' dir='ltr'><strong>et</strong></span> <span class='ocrx_word' id='word_1_117' title='bbox 693 2767 789 2826; x_wconf 84' lang='lat' dir='ltr'><strong>notos</strong></span> <span class='ocrx_word' id='word_1_118' title='bbox 803 2760 993 2826; x_wconf 81' lang='lat' dir='ltr'><strong>commorari</strong></span> <span class='ocrx_word' id='word_1_119' title='bbox 1006 2782 1094 2826; x_wconf 81' lang='lat' dir='ltr'><strong>more</strong></span> <span class='ocrx_word' id='word_1_120' title='bbox 1108 2760 1190 2826; x_wconf 87' lang='lat' dir='ltr'><strong>mihi</strong></span> 
     </span>
     <span class='ocr_line' id='line_1_19' title="bbox 237 2862 1188 2950; baseline -0.003 -19"><span class='ocrx_word' id='word_1_121' title='bbox 237 2873 286 2931; x_wconf 82' lang='lat' dir='ltr'><strong>est</strong></span> <span class='ocrx_word' id='word_1_122' title='bbox 294 2893 304 2945; x_wconf 82' lang='lat'>3</span> <span class='ocrx_word' id='word_1_123' title='bbox 327 2865 368 2930; x_wconf 87' lang='lat' dir='ltr'><strong>eb</strong></span> <span class='ocrx_word' id='word_1_124' title='bbox 383 2865 434 2931; x_wconf 74' lang='lat' dir='ltr'><strong>his</strong></span> <span class='ocrx_word' id='word_1_125' title='bbox 448 2865 593 2948; x_wconf 77' lang='lat' dir='ltr'><strong>elongari</strong></span> <span class='ocrx_word' id='word_1_126' title='bbox 607 2863 737 2949; x_wconf 76' lang='lat' dir='ltr'><strong>penitus</strong></span> <span class='ocrx_word' id='word_1_127' title='bbox 751 2862 957 2950; x_wconf 75' lang='lat' dir='ltr'><strong>impossibile.</strong></span> <span class='ocrx_word' id='word_1_128' title='bbox 991 2863 1090 2930; x_wconf 88' lang='lat' dir='ltr'><strong>Unde</strong></span> <span class='ocrx_word' id='word_1_129' title='bbox 1103 2884 1188 2928; x_wconf 89' lang='lat' dir='ltr'><strong>uun-</strong></span> 
     </span>
     <span class='ocr_line' id='line_1_20' title="bbox 237 2966 1188 3052; baseline -0.005 -17"><span class='ocrx_word' id='word_1_130' title='bbox 237 2970 323 3035; x_wconf 86' lang='lat' dir='ltr'><strong>cium</strong></span> <span class='ocrx_word' id='word_1_131' title='bbox 344 2969 386 3037; x_wconf 78' lang='lat' dir='ltr'><strong>od</strong></span> <span class='ocrx_word' id='word_1_132' title='bbox 406 2968 574 3041; x_wconf 89' lang='lat' dir='ltr'><strong>dominum</strong></span> <span class='ocrx_word' id='word_1_133' title='bbox 594 2987 705 3052; x_wconf 83' lang='lat' dir='ltr'><strong>regem</strong></span> <span class='ocrx_word' id='word_1_134' title='bbox 726 2974 849 3052; x_wconf 80' lang='lat' dir='ltr'><strong>quanto</strong></span> <span class='ocrx_word' id='word_1_135' title='bbox 869 2967 962 3052; x_wconf 89' lang='lat' dir='ltr'><strong>potui</strong></span> <span class='ocrx_word' id='word_1_136' title='bbox 982 2966 1188 3032; x_wconf 77' lang='lat' dir='ltr'><strong>festinatione</strong></span> 
     </span>
     <span class='ocr_line' id='line_1_21' title="bbox 236 3067 1188 3156; baseline -0.007 -17"><span class='ocrx_word' id='word_1_137' title='bbox 236 3072 409 3152; x_wconf 78' lang='lat' dir='ltr'><strong>trenumisi,</strong></span> <span class='ocrx_word' id='word_1_138' title='bbox 430 3079 469 3136; x_wconf 88' lang='lat' dir='ltr'><strong>ut</strong></span> <span class='ocrx_word' id='word_1_139' title='bbox 490 3073 664 3156; x_wconf 74' lang='lat' dir='ltr'><strong>impetrate</strong></span> <span class='ocrx_word' id='word_1_140' title='bbox 682 3067 914 3136; x_wconf 75' lang='lat' dir='ltr'><strong>transfretandi</strong></span> <span class='ocrx_word' id='word_1_141' title='bbox 934 3067 1066 3134; x_wconf 78' lang='lat' dir='ltr'><strong>licentia</strong></span> <span class='ocrx_word' id='word_1_142' title='bbox 1086 3067 1188 3133; x_wconf 89' lang='lat' dir='ltr'><strong>domi·</strong></span> 
     </span>
     <span class='ocr_line' id='line_1_22' title="bbox 237 3172 1190 3260; baseline -0.006 -19"><span class='ocrx_word' id='word_1_143' title='bbox 237 3197 317 3241; x_wconf 87' lang='lat' dir='ltr'><strong>num</strong></span> <span class='ocrx_word' id='word_1_144' title='bbox 337 3197 452 3260; x_wconf 81' lang='lat' dir='ltr'><strong>papum</strong></span> <span class='ocrx_word' id='word_1_145' title='bbox 473 3174 586 3240; x_wconf 77' lang='lat' dir='ltr'><strong>edeam</strong></span> <span class='ocrx_word' id='word_1_146' title='bbox 606 3181 640 3239; x_wconf 89' lang='lat' dir='ltr'><strong>et</strong></span> <span class='ocrx_word' id='word_1_147' title='bbox 659 3194 758 3258; x_wconf 78' lang='lat' dir='ltr'><strong>penes</strong></span> <span class='ocrx_word' id='word_1_148' title='bbox 778 3194 854 3239; x_wconf 89' lang='lat' dir='ltr'><strong>eum</strong></span> <span class='ocrx_word' id='word_1_149' title='bbox 874 3193 1003 3239; x_wconf 76' lang='lat' dir='ltr'><strong>cumam</strong></span> <span class='ocrx_word' id='word_1_150' title='bbox 1017 3192 1124 3236; x_wconf 77' lang='lat' dir='ltr'><strong>meam</strong></span> <span class='ocrx_word' id='word_1_151' title='bbox 1139 3172 1190 3236; x_wconf 84' lang='lat' dir='ltr'><strong>vel</strong></span> 
     </span>
     <span class='ocr_line' id='line_1_23' title="bbox 237 3273 1189 3358; baseline -0.002 -18"><span class='ocrx_word' id='word_1_152' title='bbox 237 3275 410 3341; x_wconf 76' lang='lat' dir='ltr'><strong>defendam</strong></span> <span class='ocrx_word' id='word_1_153' title='bbox 432 3275 460 3338; x_wconf 81' lang='lat' dir='ltr'><strong>oi</strong></span> <span class='ocrx_word' id='word_1_154' title='bbox 480 3273 630 3358; x_wconf 76' lang='lat' dir='ltr'><strong>possibile</strong></span> <span class='ocrx_word' id='word_1_155' title='bbox 652 3281 711 3354; x_wconf 80' lang='lat' dir='ltr'><strong>eet,</strong></span> <span class='ocrx_word' id='word_1_156' title='bbox 728 3275 778 3339; x_wconf 84' lang='lat' dir='ltr'><strong>vel</strong></span> <span class='ocrx_word' id='word_1_157' title='bbox 798 3273 923 3340; x_wconf 87' lang='lat' dir='ltr'><strong>inflicto</strong></span> <span class='ocrx_word' id='word_1_158' title='bbox 944 3273 1121 3354; x_wconf 83' lang='lat' dir='ltr'><strong>vulneri,oi</strong></span> <span class='ocrx_word' id='word_1_159' title='bbox 1143 3274 1189 3338; x_wconf 80' lang='lat' dir='ltr'><strong>nic</strong></span> 
     </span>
     <span class='ocr_line' id='line_1_24' title="bbox 237 3376 1189 3462; baseline -0.001 -20"><span class='ocrx_word' id='word_1_160' title='bbox 237 3385 297 3457; x_wconf 76' lang='lat' dir='ltr'><strong>est,</strong></span> <span class='ocrx_word' id='word_1_161' title='bbox 324 3376 430 3442; x_wconf 82' lang='lat' dir='ltr'><strong>abeo</strong></span> <span class='ocrx_word' id='word_1_162' title='bbox 455 3376 691 3442; x_wconf 76' lang='lat' dir='ltr'><strong>medicamenta</strong></span> <span class='ocrx_word' id='word_1_163' title='bbox 718 3377 889 3462; x_wconf 78' lang='lat' dir='ltr'><strong>requiram.</strong></span> <span class='ocrx_word' id='word_1_164' title='bbox 934 3377 1090 3442; x_wconf 73' lang='lat' dir='ltr'><strong>Vestrum</strong></span> <span class='ocrx_word' id='word_1_165' title='bbox 1114 3397 1189 3441; x_wconf 86' lang='lat' dir='ltr'><strong>vero</strong></span> 
     </span>
     <span class='ocr_line' id='line_1_25' title="bbox 238 3479 1190 3566; baseline 0 -20"><span class='ocrx_word' id='word_1_166' title='bbox 238 3481 413 3566; x_wconf 85' lang='lat' dir='ltr'><strong>plurimum</strong></span> <span class='ocrx_word' id='word_1_167' title='bbox 435 3487 552 3565; x_wconf 83' lang='lat' dir='ltr'><strong>exopto</strong></span> <span class='ocrx_word' id='word_1_168' title='bbox 573 3481 778 3566; x_wconf 76' lang='lat' dir='ltr'><strong>colloquium,</strong></span> <span class='ocrx_word' id='word_1_169' title='bbox 802 3479 972 3546; x_wconf 81' lang='lat' dir='ltr'><strong>obeecrnno</strong></span> <span class='ocrx_word' id='word_1_170' title='bbox 995 3487 1033 3546; x_wconf 88' lang='lat' dir='ltr'><strong>nt</strong></span> <span class='ocrx_word' id='word_1_171' title='bbox 1055 3479 1190 3546; x_wconf 76' lang='lat' dir='ltr'><strong>subbato</strong></span> 
     </span>
     <span class='ocr_line' id='line_1_26' title="bbox 239 3583 1190 3669; baseline 0 -21"><span class='ocrx_word' id='word_1_172' title='bbox 239 3585 445 3650; x_wconf 73' lang='lat' dir='ltr'><strong>Pentecosten</strong></span> <span class='ocrx_word' id='word_1_173' title='bbox 474 3584 572 3650; x_wconf 77' lang='lat' dir='ltr'><strong>vestri</strong></span> <span class='ocrx_word' id='word_1_174' title='bbox 601 3585 726 3669; x_wconf 83' lang='lat' dir='ltr'><strong>copiam</strong></span> <span class='ocrx_word' id='word_1_175' title='bbox 759 3584 939 3648; x_wconf 79' lang='lat' dir='ltr'><strong>Londonice</strong></span> <span class='ocrx_word' id='word_1_176' title='bbox 973 3583 1121 3664; x_wconf 74' lang='lat' dir='ltr'><strong>habeam,</strong></span> <span class='ocrx_word' id='word_1_177' title='bbox 1151 3590 1190 3649; x_wconf 88' lang='lat' dir='ltr'><strong>ut</strong></span> 
     </span>
     <span class='ocr_line' id='line_1_27' title="bbox 240 3686 1189 3772; baseline -0.001 -20"><span class='ocrx_word' id='word_1_178' title='bbox 240 3688 317 3772; x_wconf 91' lang='lat' dir='ltr'><strong>quid</strong></span> <span class='ocrx_word' id='word_1_179' title='bbox 335 3687 415 3752; x_wconf 87' lang='lat' dir='ltr'><strong>mihi</strong></span> <span class='ocrx_word' id='word_1_180' title='bbox 435 3687 471 3752; x_wconf 89' lang='lat' dir='ltr'><strong>in</strong></span> <span class='ocrx_word' id='word_1_181' title='bbox 491 3694 652 3753; x_wconf 80' lang='lat' dir='ltr'><strong>conuentu</strong></span> <span class='ocrx_word' id='word_1_182' title='bbox 672 3686 728 3752; x_wconf 93' lang='lat' dir='ltr'><strong>illo</strong></span> <span class='ocrx_word' id='word_1_183' title='bbox 748 3686 895 3770; x_wconf 74' lang='lat' dir='ltr'><strong>expediet</strong></span> <span class='ocrx_word' id='word_1_184' title='bbox 915 3693 1019 3752; x_wconf 71' lang='lat' dir='ltr'><strong>vostro</strong></span> <span class='ocrx_word' id='word_1_185' title='bbox 1037 3686 1189 3751; x_wconf 66' lang='lat' dir='ltr'><strong>frenum·</strong></span> 
     </span>
     <span class='ocr_line' id='line_1_28' title="bbox 239 3785 1190 3874; baseline -0.003 -18"><span class='ocrx_word' id='word_1_186' title='bbox 239 3813 301 3874; x_wconf 90' lang='lat' dir='ltr'><strong>que</strong></span> <span class='ocrx_word' id='word_1_187' title='bbox 320 3812 466 3856; x_wconf 88' lang='lat' dir='ltr'><strong>meorum</strong></span> <span class='ocrx_word' id='word_1_188' title='bbox 485 3789 618 3854; x_wconf 80' lang='lat' dir='ltr'><strong>coneilio</strong></span> <span class='ocrx_word' id='word_1_189' title='bbox 638 3789 815 3854; x_wconf 76' lang='lat' dir='ltr'><strong>instructus</strong></span> <span class='ocrx_word' id='word_1_190' title='bbox 837 3785 1027 3871; x_wconf 78' lang='lat' dir='ltr'><strong>intelligam.</strong></span> <span class='ocrx_word' id='word_1_191' title='bbox 1072 3785 1190 3854; x_wconf 71' lang='lat' dir='ltr'><strong>Valere</strong></span> 
     </span>
     <span class='ocr_line' id='line_1_29' title="bbox 240 3891 629 3978; baseline -0.008 -19"><span class='ocrx_word' id='word_1_192' title='bbox 240 3915 294 3959; x_wconf 83' lang='lat' dir='ltr'><strong>vos</strong></span> <span class='ocrx_word' id='word_1_193' title='bbox 308 3899 433 3978; x_wconf 81' lang='lat' dir='ltr'><strong>exopto,</strong></span> <span class='ocrx_word' id='word_1_194' title='bbox 449 3891 629 3960; x_wconf 59' lang='lat' dir='ltr'><strong>omonimo!</strong></span> 
     </span>
    </p>
   </div>
   <div class='ocr_carea' id='block_1_7' title="bbox 0 0 1629 5192">
    <p class='ocr_par' dir='ltr' id='par_1_7' title="bbox 0 0 1629 5192">
     <span class='ocr_line' id='line_1_30' title="bbox 0 0 1629 5192; baseline 0 0"><span class='ocrx_word' id='word_1_195' title='bbox 0 0 1629 5192; x_wconf 95' lang='lat' dir='ltr'><strong> </strong></span> 
     </span>
    </p>
   </div>
  </div>
 </body>
</html>
