3225 5192
346 721 411 769 no.
430 705 627 790 use-ts]
678 725 893 772 snocmm
907 728 1085 776 seimon.
1252 712 1295 776 tt

483 1038 705 1108 EPIS'POLA
727 1039 978 1112 xxm-in
993 1063 1149 1116 ennom.

343 1193 435 1256 Patn'
448 1213 504 1256 esso
518 1199 549 1257 et
563 1193 686 1258 mino
706 1193 926 1260 &mutem
947 1195 998 1260 dei
1013 1199 1123 1279 fictio
1141 1198 1293 1280 archimi-

382 1315 473 1380 scnpo
495 1301 527 1360 et
548 1299 643 1364 totius
657 1297 779 1380 Ascylte
786 1299 922 1378 prinmo·
938 1299 973 1363 Τ.
986 1298 1097 1383 frater
1114 1302 1153 1365 G.
1171 1302 1294 1369 oloca-

381 1400 449 1464 trs'e
464 1399 566 1464 dictes
579 1400 684 1480 atton
699 1401 812 1467 anuto
825 1407 857 1466 et
866 1401 979 1484 caedit
985 1404 1221 1489 plenitudinem,

382 1551 476 1617 Qun
491 1552 584 1618 fortis
599 1560 649 1619 eet
663 1559 701 1617 ut
715 1574 801 1619 mors
817 1553 955 1633 dilectio,
970 1554 1055 1619 sieut
1067 1556 1127 1625 uni
1141 1553 1292 1643 prejudi-

338 1675 409 1720 care
422 1676 489 1721 non
504 1677 683 1740 possumus,
702 1656 748 1722 sic
768 1657 862 1726 alteri
881 1657 1032 1723 reluctari
1051 1679 1119 1723 non
1139 1657 1291 1726 volemus.

340 1755 427 1821 Hinc
448 1763 507 1837 est,
531 1757 647 1824 dilecte
673 1759 815 1839 dominc,
839 1759 925 1844 quod
949 1760 985 1824 id
1007 1760 1094 1846 quod
1117 1761 1216 1824 vultis
1237 1779 1292 1829 me

336 1882 462 1946 quoqne
490 1862 570 1929 velle
599 1883 729 1930 necesse
758 1869 818 1928 est.
874 1861 939 1928 Sed
963 1862 1039 1948 qnia
1067 1863 1241 1930 redeuntes
1270 1884 1291 1932 e

334 1961 423 2026 vobis
442 1963 498 2046 qui
518 1963 599 2032 mihi
621 1963 667 2031 sic
689 1963 744 2030 alii
758 1983 834 2028 vero
853 1963 899 2030 sic
916 1963 1104 2048 loquuntus,
1119 1985 1232 2050 precor
1250 1970 1290 2031 ut

334 2066 414 2133 mihi
432 2068 542 2134 literas
563 2074 681 2137 vestroe
699 2067 876 2134 voluntatis
895 2067 1017 2132 indices
1037 2089 1096 2156 per
1114 2067 1203 2136 hunc
1222 2067 1286 2134 fro·

333 2179 416 2238 trem
431 2179 580 2242 nostrum
594 2171 744 2251 mittatis,
760 2179 793 2240 et
809 2170 893 2258 quod
913 2171 954 2237 (le
973 2192 1026 2236 me
1046 2179 1152 2240 vestro
1170 2169 1289 2239 sederit

333 2277 464 2344 erbittio
479 2299 527 2358 en,
543 2299 608 2362 qus
629 2276 773 2361 praeestis
788 2284 822 2344 et
840 2275 975 2362 potestis
996 2282 1158 2362 potestate
1177 2275 1288 2359 injun-

332 2382 425 2466 gatis.
458 2381 507 2448 Eo
523 2403 596 2450 vero
611 2403 688 2470 erge
702 2403 757 2448 vos
772 2382 980 2460 animosum,
994 2403 1033 2446 eo
1045 2380 1134 2446 vobis
1150 2381 1287 2450 caritate

332 2483 498 2552 devinctus
518 2490 555 2553 ut
575 2483 610 2551 in
632 2504 695 2572 qno
715 2483 881 2553 sanctitati
894 2490 1009 2550 vestrm
1027 2505 1081 2552 me
1101 2482 1231 2552 obedire
1251 2489 1286 2548 et

333 2584 457 2670 placere
479 2605 668 2671 cognovero,
691 2591 800 2656 totum
828 2585 897 2650 leve
920 2591 1068 2669 reputem
1092 2585 1178 2672 qnod
1206 2585 1288 2650 mihi

333 2685 449 2754 minori
466 2693 573 2770 potest
587 2685 638 2754 vel
652 2685 822 2754 difficultas
836 2685 962 2753 itineris
976 2686 1027 2752 vel
1042 2705 1161 2772 urgens
1176 2695 1287 2755 aucto-

331 2789 410 2854 ritas
432 2787 534 2856 obviae
561 2788 741 2875 potestatis.
786 2789 838 2857 Do
864 2796 972 2859 cetero
996 2788 1096 2857 trater
1122 2789 1161 2882 B?
1186 2787 1286 2858 abbas

332 2889 487 2957 Gemelise
507 2889 550 2958 ed
570 2889 680 2958 sedem
701 2889 922 2976 Apostolicem
946 2889 1126 2980 appellavit.
1175 2890 1287 2961 Quum

331 3013 406 3080 ergo
431 3013 491 3058 sue
520 2991 630 3060 omnio
657 2992 693 3060 in
721 2992 922 3080 protectione
947 2991 1071 3059 domini
1094 3012 1186 3084 pepe
1214 3012 1285 3064 osse

331 3101 485 3178 oporteat,
507 3116 531 3162 e
558 3093 624 3163 suis
653 3100 764 3160 tamen
792 3094 1050 3178 persecutoiibus
1079 3116 1146 3160 non
1176 3095 1286 3162 minus

331 3217 417 3264 nnnc
432 3218 529 3282 quem
544 3203 621 3268 ante
636 3195 843 3286 disipiuntur.
889 3197 987 3268 Unde
1001 3203 1095 3280 rogat
1108 3217 1167 3286 per
1183 3204 1285 3266 meet

331 3297 369 3364 de
384 3297 446 3364 hoc
458 3319 571 3386 precor
584 3305 691 3368 vestro
712 3299 755 3366 sit
777 3307 909 3370 exorato
928 3265 1116 3390 polemitas,
1132 3305 1168 3365 ut
1183 3299 1284 3367 ecclc·

330 3401 409 3469 siam
424 3422 517 3466 sunm
535 3401 572 3466 in
590 3401 790 3490 protectione
806 3402 929 3471 domini
942 3421 1033 3491 pnpae
1047 3408 1080 3467 et
1095 3407 1201 3471 vestre
1215 3421 1285 3464 sns-

329 3502 453 3588 cipintis
475 3509 509 3570 et
530 3503 633 3588 ipsam
656 3503 788 3592 domino
801 3505 844 3575 A.
859 3503 1083 3576 nohiniacouo
1100 3502 1283 3568 custodien-

329 3604 403 3672 dam
418 3606 636 3686 committatis,
651 3614 690 3674 ut
705 3614 738 3676 st
752 3607 829 3676 huic
851 3607 892 3677 od
913 3606 1081 3676 dominum
1094 3627 1211 3690 papam
1226 3605 1283 3677 sd·
1393 3670 1399 3682 ,

328 3708 471 3778 eundum
486 3709 607 3779 scilicet
627 3709 712 3795 qnod
734 3731 786 3780 res
807 3709 907 3782 habet
928 3708 1107 3781 necessario
1126 3708 1283 3791 conferat,

329 3818 361 3879 et
376 3810 500 3896 siquem
514 3812 550 3880 in
564 3812 635 3882 loco
648 3813 719 3896 ipso
734 3811 865 3886 domino
880 3812 997 3883 servire
1011 3811 1209 3898 cognoverit,
1220 3811 1284 3900 ipsi

328 3933 405 3982 coro
419 3913 567 4000 diligenti
581 3915 754 4000 provident.
795 3915 929 3984 Itineris
943 3915 1047 3985 nostri
1062 3914 1158 3996 diem,
1173 3913 1201 3979 si
1214 3913 1283 4002 ple-

327 4022 388 4096 oet,
402 4017 585 4098 notificetis,
600 4038 696 4102 quem
719 4017 746 4084 si
767 4039 871 4104 usque
893 4017 934 4088 od
955 4019 1075 4087 festum
1089 4016 1193 4086 suncti
1214 4015 1281 4080 Mi·

326 4117 445 4188 choelis
467 4119 587 4190 ditioni
608 4121 759 4206 placeret,
774 4142 829 4189 eos
844 4121 900 4206 qui
915 4120 1084 4192 nobiscnm
1097 4119 1176 4188 ituri
1190 4123 1280 4198 sunt.

324 4221 459 4292 fortmsc
473 4223 578 4314 magis
592 4229 721 4310 paratos
735 4223 908 4297 habeon.
938 4223 1065 4298 Vslett·
