<?xml version="1.0" encoding="UTF-8"?>
<!DOCTYPE html PUBLIC "-//W3C//DTD XHTML 1.0 Transitional//EN"
    "http://www.w3.org/TR/xhtml1/DTD/xhtml1-transitional.dtd">
<html xmlns="http://www.w3.org/1999/xhtml" xml:lang="en" lang="en">
 <head>
  <title>
</title>
<meta http-equiv="Content-Type" content="text/html;charset=utf-8" />
  <meta name='ocr-system' content='tesseract 3.04.00' />
  <meta name='ocr-capabilities' content='ocr_page ocr_carea ocr_par ocr_line ocrx_word'/>
</head>
<body>
  <div class='ocr_page' id='page_1' title='image "./gilbertiexabbat00gilegoog_0169.png"; bbox 0 0 3225 5192; ppageno 0'>
   <div class='ocr_carea' id='block_1_1' title="bbox 406 684 1365 2533">
    <p class='ocr_par' dir='ltr' id='par_1_1' title="bbox 409 684 1051 749">
     <span class='ocr_line' id='line_1_1' title="bbox 409 684 1051 749; baseline -0.009 0"><span class='ocrx_word' id='word_1_1' title='bbox 409 684 474 749; x_wconf 73' lang='lat'><strong>138</strong></span> <span class='ocrx_word' id='word_1_2' title='bbox 718 700 882 745; x_wconf 76' lang='lat' dir='ltr'><strong>orassem</strong></span> <span class='ocrx_word' id='word_1_3' title='bbox 898 700 1051 748; x_wconf 79' lang='lat' dir='ltr'><strong>rersoon</strong></span> 
     </span>
    </p>

    <p class='ocr_par' dir='ltr' id='par_1_2' title="bbox 406 816 1365 2533">
     <span class='ocr_line' id='line_1_2' title="bbox 406 816 1364 903; baseline 0 -18"><span class='ocrx_word' id='word_1_4' title='bbox 406 820 468 899; x_wconf 85' lang='lat' dir='ltr'><strong>nis,</strong></span> <span class='ocrx_word' id='word_1_5' title='bbox 493 817 557 885; x_wconf 85' lang='lat' dir='ltr'><strong>nisi</strong></span> <span class='ocrx_word' id='word_1_6' title='bbox 582 817 713 903; x_wconf 88' lang='lat' dir='ltr'><strong>spiritus</strong></span> <span class='ocrx_word' id='word_1_7' title='bbox 738 816 879 883; x_wconf 88' lang='lat' dir='ltr'><strong>hominis</strong></span> <span class='ocrx_word' id='word_1_8' title='bbox 904 816 961 900; x_wconf 90' lang='lat' dir='ltr'><strong>qui</strong></span> <span class='ocrx_word' id='word_1_9' title='bbox 989 823 1039 883; x_wconf 89' lang='lat' dir='ltr'><strong>est</strong></span> <span class='ocrx_word' id='word_1_10' title='bbox 1067 817 1223 902; x_wconf 83' lang='lat' dir='ltr'><strong>inipso?</strong></span> <span class='ocrx_word' id='word_1_11' title='bbox 1277 820 1364 885; x_wconf 80' lang='lat' dir='ltr'><strong>Ecce</strong></span> 
     </span>
     <span class='ocr_line' id='line_1_3' title="bbox 407 919 1364 1005; baseline -0.002 -16"><span class='ocrx_word' id='word_1_12' title='bbox 407 944 514 989; x_wconf 87' lang='lat' dir='ltr'><strong>coram</strong></span> <span class='ocrx_word' id='word_1_13' title='bbox 540 921 612 989; x_wconf 88' lang='lat' dir='ltr'><strong>Deo</strong></span> <span class='ocrx_word' id='word_1_14' title='bbox 637 920 724 1005; x_wconf 91' lang='lat' dir='ltr'><strong>quod</strong></span> <span class='ocrx_word' id='word_1_15' title='bbox 752 942 820 987; x_wconf 88' lang='lat' dir='ltr'><strong>non</strong></span> <span class='ocrx_word' id='word_1_16' title='bbox 849 919 1001 985; x_wconf 87' lang='lat' dir='ltr'><strong>mentior.</strong></span> <span class='ocrx_word' id='word_1_17' title='bbox 1052 920 1113 985; x_wconf 91' lang='lat' dir='ltr'><strong>Nil</strong></span> <span class='ocrx_word' id='word_1_18' title='bbox 1137 921 1364 987; x_wconf 66' lang='lat' dir='ltr'><strong>amaritudinis</strong></span> 
     </span>
     <span class='ocr_line' id='line_1_4' title="bbox 406 1022 1364 1109; baseline 0 -18"><span class='ocrx_word' id='word_1_19' title='bbox 406 1026 579 1091; x_wconf 74' lang='lat' dir='ltr'><strong>habuimus</strong></span> <span class='ocrx_word' id='word_1_20' title='bbox 600 1024 690 1089; x_wconf 85' lang='lat' dir='ltr'><strong>intus</strong></span> <span class='ocrx_word' id='word_1_21' title='bbox 713 1024 882 1089; x_wconf 86' lang='lat' dir='ltr'><strong>adversum</strong></span> <span class='ocrx_word' id='word_1_22' title='bbox 903 1045 970 1102; x_wconf 87' lang='lat' dir='ltr'><strong>ros,</strong></span> <span class='ocrx_word' id='word_1_23' title='bbox 991 1022 1056 1089; x_wconf 88' lang='lat' dir='ltr'><strong>uisi</strong></span> <span class='ocrx_word' id='word_1_24' title='bbox 1077 1023 1165 1107; x_wconf 85' lang='lat' dir='ltr'><strong>quod</strong></span> <span class='ocrx_word' id='word_1_25' title='bbox 1185 1025 1364 1109; x_wconf 69' lang='lat' dir='ltr'><strong>interprete</strong></span> 
     </span>
     <span class='ocr_line' id='line_1_5' title="bbox 406 1126 1363 1214; baseline 0 -21"><span class='ocrx_word' id='word_1_26' title='bbox 406 1135 565 1214; x_wconf 72' lang='lat' dir='ltr'>praesente</span> <span class='ocrx_word' id='word_1_27' title='bbox 583 1128 702 1211; x_wconf 84' lang='lat' dir='ltr'><strong>scripto</strong></span> <span class='ocrx_word' id='word_1_28' title='bbox 720 1127 859 1191; x_wconf 87' lang='lat' dir='ltr'><strong>confessi</strong></span> <span class='ocrx_word' id='word_1_29' title='bbox 877 1148 1000 1191; x_wconf 89' lang='lat' dir='ltr'><strong>sumus.</strong></span> <span class='ocrx_word' id='word_1_30' title='bbox 1045 1126 1145 1191; x_wconf 88' lang='lat' dir='ltr'><strong>Unde</strong></span> <span class='ocrx_word' id='word_1_31' title='bbox 1162 1134 1198 1191; x_wconf 90' lang='lat' dir='ltr'><strong>et</strong></span> <span class='ocrx_word' id='word_1_32' title='bbox 1216 1127 1363 1193; x_wconf 83' lang='lat' dir='ltr'><strong>acerbius</strong></span> 
     </span>
     <span class='ocr_line' id='line_1_6' title="bbox 407 1230 1365 1317; baseline 0 -21"><span class='ocrx_word' id='word_1_33' title='bbox 407 1252 505 1317; x_wconf 82' lang='lat' dir='ltr'><strong>qaam</strong></span> <span class='ocrx_word' id='word_1_34' title='bbox 523 1232 594 1315; x_wconf 86' lang='lat' dir='ltr'><strong>ipss</strong></span> <span class='ocrx_word' id='word_1_35' title='bbox 614 1252 666 1295; x_wconf 87' lang='lat' dir='ltr'><strong>res</strong></span> <span class='ocrx_word' id='word_1_36' title='bbox 688 1236 819 1314; x_wconf 88' lang='lat' dir='ltr'><strong>expetat</strong></span> <span class='ocrx_word' id='word_1_37' title='bbox 840 1230 1054 1314; x_wconf 89' lang='lat' dir='ltr'><strong>nosmetipsos</strong></span> <span class='ocrx_word' id='word_1_38' title='bbox 1075 1230 1303 1309; x_wconf 72' lang='lat' dir='ltr'><strong>accusavimus,</strong></span> <span class='ocrx_word' id='word_1_39' title='bbox 1323 1252 1365 1296; x_wconf 94' lang='lat' dir='ltr'><strong>eo</strong></span> 
     </span>
     <span class='ocr_line' id='line_1_7' title="bbox 407 1332 1363 1419; baseline 0.001 -22"><span class='ocrx_word' id='word_1_40' title='bbox 407 1334 494 1419; x_wconf 89' lang='lat' dir='ltr'><strong>quod</strong></span> <span class='ocrx_word' id='word_1_41' title='bbox 504 1332 763 1417; x_wconf 85' lang='lat' dir='ltr'><strong>indignationem</strong></span> <span class='ocrx_word' id='word_1_42' title='bbox 774 1332 1031 1397; x_wconf 83' lang='lat' dir='ltr'><strong>vestramiuuos</strong></span> <span class='ocrx_word' id='word_1_43' title='bbox 1043 1332 1363 1417; x_wconf 86' lang='lat' dir='ltr'><strong>quantulamcunque</strong></span> 
     </span>
     <span class='ocr_line' id='line_1_8' title="bbox 407 1434 1363 1521; baseline -0.001 -19"><span class='ocrx_word' id='word_1_44' title='bbox 407 1438 506 1503; x_wconf 87' lang='lat' dir='ltr'><strong>etiam</strong></span> <span class='ocrx_word' id='word_1_45' title='bbox 521 1436 744 1502; x_wconf 78' lang='lat' dir='ltr'><strong>molestissime</strong></span> <span class='ocrx_word' id='word_1_46' title='bbox 759 1435 967 1501; x_wconf 77' lang='lat' dir='ltr'><strong>mstinemus.</strong></span> <span class='ocrx_word' id='word_1_47' title='bbox 993 1434 1190 1519; x_wconf 79' lang='lat' dir='ltr'><strong>opinabitur</strong></span> <span class='ocrx_word' id='word_1_48' title='bbox 1203 1436 1363 1521; x_wconf 83' lang='lat' dir='ltr'><strong>quispiam</strong></span> 
     </span>
     <span class='ocr_line' id='line_1_9' title="bbox 408 1538 1362 1623; baseline -0.001 -17"><span class='ocrx_word' id='word_1_49' title='bbox 408 1562 448 1606; x_wconf 87' lang='lat' dir='ltr'><strong>ex</strong></span> <span class='ocrx_word' id='word_1_50' title='bbox 462 1539 570 1605; x_wconf 87' lang='lat' dir='ltr'><strong>auimo</strong></span> <span class='ocrx_word' id='word_1_51' title='bbox 585 1560 653 1605; x_wconf 89' lang='lat' dir='ltr'><strong>uon</strong></span> <span class='ocrx_word' id='word_1_52' title='bbox 667 1538 731 1603; x_wconf 88' lang='lat' dir='ltr'><strong>dici</strong></span> <span class='ocrx_word' id='word_1_53' title='bbox 745 1538 833 1623; x_wconf 92' lang='lat' dir='ltr'><strong>quod</strong></span> <span class='ocrx_word' id='word_1_54' title='bbox 852 1538 999 1619; x_wconf 84' lang='lat' dir='ltr'><strong>dicimus,</strong></span> <span class='ocrx_word' id='word_1_55' title='bbox 1014 1538 1072 1604; x_wconf 90' lang='lat' dir='ltr'><strong>sed</strong></span> <span class='ocrx_word' id='word_1_56' title='bbox 1091 1545 1131 1603; x_wconf 93' lang='lat' dir='ltr'><strong>ut</strong></span> <span class='ocrx_word' id='word_1_57' title='bbox 1148 1546 1292 1605; x_wconf 68' lang='lat' dir='ltr'><strong>reanum</strong></span> <span class='ocrx_word' id='word_1_58' title='bbox 1305 1539 1362 1605; x_wconf 89' lang='lat' dir='ltr'><strong>de·</strong></span> 
     </span>
     <span class='ocr_line' id='line_1_10' title="bbox 407 1640 1363 1726; baseline 0 -17"><span class='ocrx_word' id='word_1_59' title='bbox 407 1642 580 1709; x_wconf 88' lang='lat' dir='ltr'><strong>mulcendo</strong></span> <span class='ocrx_word' id='word_1_60' title='bbox 603 1643 747 1707; x_wconf 85' lang='lat' dir='ltr'><strong>snimum</strong></span> <span class='ocrx_word' id='word_1_61' title='bbox 773 1642 868 1707; x_wconf 72' lang='lat' dir='ltr'><strong>iactae</strong></span> <span class='ocrx_word' id='word_1_62' title='bbox 890 1640 927 1707; x_wconf 92' lang='lat' dir='ltr'><strong>in</strong></span> <span class='ocrx_word' id='word_1_63' title='bbox 948 1662 1010 1707; x_wconf 89' lang='lat' dir='ltr'><strong>nos</strong></span> <span class='ocrx_word' id='word_1_64' title='bbox 1033 1642 1256 1726; x_wconf 69' lang='lat' dir='ltr'><strong>appellationis</strong></span> <span class='ocrx_word' id='word_1_65' title='bbox 1278 1664 1363 1709; x_wconf 88' lang='lat' dir='ltr'><strong>onus</strong></span> 
     </span>
     <span class='ocr_line' id='line_1_11' title="bbox 408 1744 1363 1828; baseline 0 -17"><span class='ocrx_word' id='word_1_66' title='bbox 408 1746 611 1828; x_wconf 83' lang='lat' dir='ltr'><strong>aliquetenus</strong></span> <span class='ocrx_word' id='word_1_67' title='bbox 626 1745 793 1811; x_wconf 85' lang='lat' dir='ltr'><strong>evitemus.</strong></span> <span class='ocrx_word' id='word_1_68' title='bbox 839 1744 917 1809; x_wconf 91' lang='lat' dir='ltr'><strong>Non</strong></span> <span class='ocrx_word' id='word_1_69' title='bbox 936 1744 990 1809; x_wconf 80' lang='lat' dir='ltr'><strong>laic</strong></span> <span class='ocrx_word' id='word_1_70' title='bbox 1003 1752 1115 1809; x_wconf 85' lang='lat' dir='ltr'><strong>noster</strong></span> <span class='ocrx_word' id='word_1_71' title='bbox 1128 1752 1178 1811; x_wconf 92' lang='lat' dir='ltr'><strong>est</strong></span> <span class='ocrx_word' id='word_1_72' title='bbox 1192 1746 1316 1825; x_wconf 88' lang='lat' dir='ltr'><strong>oculus,</strong></span> <span class='ocrx_word' id='word_1_73' title='bbox 1334 1745 1363 1811; x_wconf 90' lang='lat' dir='ltr'><strong>si</strong></span> 
     </span>
     <span class='ocr_line' id='line_1_12' title="bbox 409 1846 1360 1931; baseline 0 -17"><span class='ocrx_word' id='word_1_74' title='bbox 409 1847 532 1914; x_wconf 83' lang='lat' dir='ltr'><strong>Christi</strong></span> <span class='ocrx_word' id='word_1_75' title='bbox 553 1868 674 1927; x_wconf 87' lang='lat' dir='ltr'><strong>sumus,</strong></span> <span class='ocrx_word' id='word_1_76' title='bbox 695 1846 794 1931; x_wconf 85' lang='lat' dir='ltr'><strong>ipsius</strong></span> <span class='ocrx_word' id='word_1_77' title='bbox 814 1847 932 1912; x_wconf 78' lang='lat' dir='ltr'><strong>vicario</strong></span> <span class='ocrx_word' id='word_1_78' title='bbox 953 1847 1154 1913; x_wconf 86' lang='lat' dir='ltr'><strong>confidenter</strong></span> <span class='ocrx_word' id='word_1_79' title='bbox 1175 1847 1360 1914; x_wconf 84' lang='lat' dir='ltr'><strong>sstabimus.</strong></span> 
     </span>
     <span class='ocr_line' id='line_1_13' title="bbox 411 1950 1363 2036; baseline 0.005 -24"><span class='ocrx_word' id='word_1_80' title='bbox 411 1950 477 2015; x_wconf 87' lang='lat' dir='ltr'><strong>Suo</strong></span> <span class='ocrx_word' id='word_1_81' title='bbox 506 1957 638 2015; x_wconf 85' lang='lat' dir='ltr'><strong>currant</strong></span> <span class='ocrx_word' id='word_1_82' title='bbox 667 1950 735 2019; x_wconf 81' lang='lat' dir='ltr'><strong>iate</strong></span> <span class='ocrx_word' id='word_1_83' title='bbox 763 1950 934 2029; x_wconf 87' lang='lat' dir='ltr'><strong>curriculo,</strong></span> <span class='ocrx_word' id='word_1_84' title='bbox 962 1950 1104 2036; x_wconf 79' lang='lat' dir='ltr'><strong>provisos</strong></span> <span class='ocrx_word' id='word_1_85' title='bbox 1135 1950 1199 2015; x_wconf 90' lang='lat' dir='ltr'><strong>sibi</strong></span> <span class='ocrx_word' id='word_1_86' title='bbox 1227 1972 1363 2035; x_wconf 73' lang='lat' dir='ltr'><strong>quicque</strong></span> 
     </span>
     <span class='ocr_line' id='line_1_14' title="bbox 408 2052 1364 2137; baseline 0 -20"><span class='ocrx_word' id='word_1_87' title='bbox 408 2053 586 2118; x_wconf 84' lang='lat' dir='ltr'><strong>sortiantur</strong></span> <span class='ocrx_word' id='word_1_88' title='bbox 602 2059 745 2118; x_wconf 85' lang='lat' dir='ltr'><strong>eventus.</strong></span> <span class='ocrx_word' id='word_1_89' title='bbox 802 2053 928 2137; x_wconf 82' lang='lat' dir='ltr'><strong>Elepsae</strong></span> <span class='ocrx_word' id='word_1_90' title='bbox 945 2052 1054 2137; x_wconf 88' lang='lat' dir='ltr'><strong>potius</strong></span> <span class='ocrx_word' id='word_1_91' title='bbox 1071 2052 1223 2117; x_wconf 71' lang='lat' dir='ltr'><strong>amicitie</strong></span> <span class='ocrx_word' id='word_1_92' title='bbox 1243 2052 1364 2117; x_wconf 77' lang='lat' dir='ltr'><strong>domm</strong></span> 
     </span>
     <span class='ocr_line' id='line_1_15' title="bbox 407 2156 1363 2243; baseline -0.002 -20"><span class='ocrx_word' id='word_1_93' title='bbox 407 2156 601 2243; x_wconf 78' lang='lat' dir='ltr'><strong>plangimus,</strong></span> <span class='ocrx_word' id='word_1_94' title='bbox 618 2178 716 2241; x_wconf 87' lang='lat' dir='ltr'><strong>quam</strong></span> <span class='ocrx_word' id='word_1_95' title='bbox 737 2157 943 2223; x_wconf 87' lang='lat' dir='ltr'><strong>imminentia</strong></span> <span class='ocrx_word' id='word_1_96' title='bbox 963 2157 1145 2221; x_wconf 88' lang='lat' dir='ltr'><strong>timeamus.</strong></span> <span class='ocrx_word' id='word_1_97' title='bbox 1183 2156 1309 2235; x_wconf 84' lang='lat' dir='ltr'><strong>Valete,</strong></span> <span class='ocrx_word' id='word_1_98' title='bbox 1327 2162 1363 2221; x_wconf 85' lang='lat' dir='ltr'><strong>et</strong></span> 
     </span>
     <span class='ocr_line' id='line_1_16' title="bbox 406 2259 1364 2343; baseline -0.001 -18"><span class='ocrx_word' id='word_1_99' title='bbox 406 2267 534 2325; x_wconf 86' lang='lat' dir='ltr'><strong>moveat</strong></span> <span class='ocrx_word' id='word_1_100' title='bbox 558 2280 614 2325; x_wconf 84' lang='lat' dir='ltr'><strong>vos</strong></span> <span class='ocrx_word' id='word_1_101' title='bbox 642 2260 769 2324; x_wconf 88' lang='lat' dir='ltr'><strong>utinam</strong></span> <span class='ocrx_word' id='word_1_102' title='bbox 796 2259 928 2343; x_wconf 88' lang='lat' dir='ltr'><strong>spiritus</strong></span> <span class='ocrx_word' id='word_1_103' title='bbox 952 2260 1007 2325; x_wconf 87' lang='lat' dir='ltr'><strong>illc</strong></span> <span class='ocrx_word' id='word_1_104' title='bbox 1031 2260 1172 2343; x_wconf 89' lang='lat' dir='ltr'><strong>pietatis,</strong></span> <span class='ocrx_word' id='word_1_105' title='bbox 1195 2266 1234 2324; x_wconf 91' lang='lat' dir='ltr'><strong>ut</strong></span> <span class='ocrx_word' id='word_1_106' title='bbox 1259 2259 1364 2324; x_wconf 87' lang='lat' dir='ltr'><strong>emico</strong></span> 
     </span>
     <span class='ocr_line' id='line_1_17' title="bbox 407 2362 1362 2449; baseline 0 -20"><span class='ocrx_word' id='word_1_107' title='bbox 407 2363 581 2429; x_wconf 85' lang='lat' dir='ltr'><strong>revertenti</strong></span> <span class='ocrx_word' id='word_1_108' title='bbox 595 2362 694 2429; x_wconf 85' lang='lat' dir='ltr'><strong>etiam</strong></span> <span class='ocrx_word' id='word_1_109' title='bbox 714 2362 792 2429; x_wconf 88' lang='lat' dir='ltr'><strong>dum</strong></span> <span class='ocrx_word' id='word_1_110' title='bbox 812 2364 910 2447; x_wconf 88' lang='lat' dir='ltr'><strong>longe</strong></span> <span class='ocrx_word' id='word_1_111' title='bbox 930 2370 980 2427; x_wconf 89' lang='lat' dir='ltr'><strong>est</strong></span> <span class='ocrx_word' id='word_1_112' title='bbox 998 2362 1035 2427; x_wconf 92' lang='lat' dir='ltr'><strong>in</strong></span> <span class='ocrx_word' id='word_1_113' title='bbox 1053 2363 1237 2449; x_wconf 76' lang='lat' dir='ltr'><strong>amplexum</strong></span> <span class='ocrx_word' id='word_1_114' title='bbox 1250 2382 1362 2429; x_wconf 86' lang='lat' dir='ltr'><strong>occur-</strong></span> 
     </span>
     <span class='ocr_line' id='line_1_18' title="bbox 407 2468 1311 2533; baseline 0 0"><span class='ocrx_word' id='word_1_115' title='bbox 407 2468 496 2533; x_wconf 82' lang='lat' dir='ltr'><strong>ratis.</strong></span> <span class='ocrx_word' id='word_1_116' title='bbox 1298 2484 1311 2501; x_wconf 90' lang='lat'><strong>·</strong></span> 
     </span>
    </p>
   </div>
   <div class='ocr_carea' id='block_1_2' title="bbox 406 2794 1361 2964">
    <p class='ocr_par' dir='ltr' id='par_1_3' title="bbox 406 2794 1361 2964">
     <span class='ocr_line' id='line_1_19' title="bbox 406 2794 1361 2865; baseline -0.005 -1"><span class='ocrx_word' id='word_1_117' title='bbox 406 2796 626 2865; x_wconf 74' lang='lat' dir='ltr'><strong>EPIS&#39;POLA</strong></span> <span class='ocrx_word' id='word_1_118' title='bbox 650 2794 911 2861; x_wconf 82' lang='lat' dir='ltr'><strong>CX.-uoora11</strong></span> <span class='ocrx_word' id='word_1_119' title='bbox 934 2815 1079 2860; x_wconf 77' lang='lat' dir='ltr'><strong>rsonae.</strong></span> <span class='ocrx_word' id='word_1_120' title='bbox 1096 2812 1361 2861; x_wconf 77' lang='lat' dir='ltr'><strong>suomrrrsoorr</strong></span> 
     </span>
     <span class='ocr_line' id='line_1_20' title="bbox 689 2919 1085 2964; baseline 0.003 -1"><span class='ocrx_word' id='word_1_121' title='bbox 689 2920 796 2964; x_wconf 78' lang='lat' dir='ltr'><strong>rarsr.</strong></span> <span class='ocrx_word' id='word_1_122' title='bbox 812 2920 859 2963; x_wconf 81' lang='lat' dir='ltr'><strong>ao</strong></span> <span class='ocrx_word' id='word_1_123' title='bbox 873 2919 1085 2964; x_wconf 79' lang='lat' dir='ltr'><strong>orassaruss.</strong></span> 
     </span>
    </p>
   </div>
   <div class='ocr_carea' id='block_1_3' title="bbox 414 3038 1363 3337">
    <p class='ocr_par' dir='ltr' id='par_1_4' title="bbox 414 3038 1363 3337">
     <span class='ocr_line' id='line_1_21' title="bbox 414 3038 1362 3133; baseline -0.003 -17"><span class='ocrx_word' id='word_1_124' title='bbox 414 3038 588 3115; x_wconf 78' lang='lat' dir='ltr'><strong>Venerabili</strong></span> <span class='ocrx_word' id='word_1_125' title='bbox 594 3048 698 3132; x_wconf 72' lang='lat' dir='ltr'><strong>fratri</strong></span> <span class='ocrx_word' id='word_1_126' title='bbox 712 3056 744 3112; x_wconf 84' lang='lat' dir='ltr'><strong>et</strong></span> <span class='ocrx_word' id='word_1_127' title='bbox 757 3050 877 3112; x_wconf 82' lang='lat' dir='ltr'><strong>atinam</strong></span> <span class='ocrx_word' id='word_1_128' title='bbox 891 3050 1000 3127; x_wconf 83' lang='lat' dir='ltr'><strong>amico,</strong></span> <span class='ocrx_word' id='word_1_129' title='bbox 1020 3050 1057 3112; x_wconf 84' lang='lat' dir='ltr'><strong>G.</strong></span> <span class='ocrx_word' id='word_1_130' title='bbox 1068 3050 1134 3112; x_wconf 83' lang='lat' dir='ltr'><strong>Dei</strong></span> <span class='ocrx_word' id='word_1_131' title='bbox 1143 3050 1253 3133; x_wconf 78' lang='lat' dir='ltr'><strong>pratia</strong></span> <span class='ocrx_word' id='word_1_132' title='bbox 1263 3050 1362 3114; x_wconf 87' lang='lat' dir='ltr'><strong>Here-</strong></span> 
     </span>
     <span class='ocr_line' id='line_1_22' title="bbox 442 3151 1363 3235; baseline 0.001 -19"><span class='ocrx_word' id='word_1_133' title='bbox 442 3154 599 3235; x_wconf 82' lang='lat' dir='ltr'><strong>scrdiensi</strong></span> <span class='ocrx_word' id='word_1_134' title='bbox 614 3151 1031 3233; x_wconf 73' lang='lat' dir='ltr'><strong>episcopo,R.1lboracemis</strong></span> <span class='ocrx_word' id='word_1_135' title='bbox 1045 3152 1111 3214; x_wconf 90' lang='lat' dir='ltr'><strong>Dei</strong></span> <span class='ocrx_word' id='word_1_136' title='bbox 1129 3154 1238 3233; x_wconf 80' lang='lat' dir='ltr'><strong>pretio</strong></span> <span class='ocrx_word' id='word_1_137' title='bbox 1259 3155 1363 3218; x_wconf 76' lang='lat' dir='ltr'><strong>oredi-</strong></span> 
     </span>
     <span class='ocr_line' id='line_1_23' title="bbox 451 3253 764 3337; baseline 0 -20"><span class='ocrx_word' id='word_1_138' title='bbox 451 3256 610 3337; x_wconf 80' lang='lat' dir='ltr'><strong>epiecopoa</strong></span> <span class='ocrx_word' id='word_1_139' title='bbox 624 3253 764 3317; x_wconf 78' lang='lat' dir='ltr'><strong>salutem.</strong></span> 
     </span>
    </p>
   </div>
   <div class='ocr_carea' id='block_1_4' title="bbox 405 3404 1363 4419">
    <p class='ocr_par' dir='ltr' id='par_1_5' title="bbox 405 3404 1363 4419">
     <span class='ocr_line' id='line_1_24' title="bbox 452 3404 1363 3490; baseline 0.004 -21"><span class='ocrx_word' id='word_1_140' title='bbox 452 3406 653 3471; x_wconf 81' lang='lat' dir='ltr'><strong>Suscnraass</strong></span> <span class='ocrx_word' id='word_1_141' title='bbox 676 3405 717 3471; x_wconf 88' lang='lat' dir='ltr'><strong>de</strong></span> <span class='ocrx_word' id='word_1_142' title='bbox 740 3426 843 3471; x_wconf 87' lang='lat' dir='ltr'><strong>menu</strong></span> <span class='ocrx_word' id='word_1_143' title='bbox 865 3404 975 3471; x_wconf 91' lang='lat' dir='ltr'><strong>dilecti</strong></span> <span class='ocrx_word' id='word_1_144' title='bbox 993 3404 1054 3471; x_wconf 87' lang='lat' dir='ltr'><strong>filii</strong></span> <span class='ocrx_word' id='word_1_145' title='bbox 1073 3404 1119 3470; x_wconf 88' lang='grc' dir='ltr'><strong>Η.</strong></span> <span class='ocrx_word' id='word_1_146' title='bbox 1135 3427 1233 3490; x_wconf 90' lang='lat' dir='ltr'><strong>quam</strong></span> <span class='ocrx_word' id='word_1_147' title='bbox 1254 3406 1363 3474; x_wconf 87' lang='lat' dir='ltr'><strong>dicitis</strong></span> 
     </span>
     <span class='ocr_line' id='line_1_25' title="bbox 406 3508 1363 3596; baseline 0.003 -23"><span class='ocrx_word' id='word_1_148' title='bbox 406 3508 602 3593; x_wconf 74' lang='lat' dir='ltr'><strong>palinodiam</strong></span> <span class='ocrx_word' id='word_1_149' title='bbox 630 3516 783 3589; x_wconf 86' lang='lat' dir='ltr'><strong>vestram,</strong></span> <span class='ocrx_word' id='word_1_150' title='bbox 804 3509 992 3593; x_wconf 87' lang='lat' dir='ltr'><strong>priusquam</strong></span> <span class='ocrx_word' id='word_1_151' title='bbox 1020 3508 1117 3574; x_wconf 80' lang='lat' dir='ltr'><strong>alicui</strong></span> <span class='ocrx_word' id='word_1_152' title='bbox 1141 3511 1242 3593; x_wconf 89' lang='lat' dir='ltr'><strong>ipsius</strong></span> <span class='ocrx_word' id='word_1_153' title='bbox 1270 3512 1363 3596; x_wconf 86' lang='lat' dir='ltr'><strong>copia</strong></span> 
     </span>
     <span class='ocr_line' id='line_1_26' title="bbox 405 3611 1362 3697; baseline 0.005 -21"><span class='ocrx_word' id='word_1_154' title='bbox 405 3612 507 3692; x_wconf 83' lang='lat' dir='ltr'><strong>tieret,</strong></span> <span class='ocrx_word' id='word_1_155' title='bbox 532 3611 705 3696; x_wconf 85' lang='lat' dir='ltr'><strong>diligenter</strong></span> <span class='ocrx_word' id='word_1_156' title='bbox 726 3612 862 3697; x_wconf 85' lang='lat' dir='ltr'><strong>inspexi,</strong></span> <span class='ocrx_word' id='word_1_157' title='bbox 880 3614 1001 3679; x_wconf 83' lang='lat' dir='ltr'><strong>veritus</strong></span> <span class='ocrx_word' id='word_1_158' title='bbox 1021 3613 1059 3677; x_wconf 91' lang='lat' dir='ltr'><strong>in</strong></span> <span class='ocrx_word' id='word_1_159' title='bbox 1080 3614 1193 3697; x_wconf 90' lang='lat' dir='ltr'><strong>primis</strong></span> <span class='ocrx_word' id='word_1_160' title='bbox 1216 3636 1260 3679; x_wconf 91' lang='lat' dir='ltr'><strong>ne</strong></span> <span class='ocrx_word' id='word_1_161' title='bbox 1281 3616 1362 3681; x_wconf 71' lang='lat' dir='ltr'><strong>vive</strong></span> 
     </span>
     <span class='ocr_line' id='line_1_27' title="bbox 406 3715 1361 3800; baseline 0.006 -23"><span class='ocrx_word' id='word_1_162' title='bbox 406 3715 492 3779; x_wconf 84' lang='lat' dir='ltr'><strong>vocis</strong></span> <span class='ocrx_word' id='word_1_163' title='bbox 511 3721 635 3795; x_wconf 73' lang='lat' dir='ltr'><strong>vestre,</strong></span> <span class='ocrx_word' id='word_1_164' title='bbox 650 3722 689 3780; x_wconf 94' lang='lat' dir='ltr'><strong>ut</strong></span> <span class='ocrx_word' id='word_1_165' title='bbox 712 3716 801 3781; x_wconf 84' lang='lat' dir='ltr'><strong>salva</strong></span> <span class='ocrx_word' id='word_1_166' title='bbox 821 3737 900 3800; x_wconf 89' lang='lat' dir='ltr'><strong>pace</strong></span> <span class='ocrx_word' id='word_1_167' title='bbox 913 3724 1021 3781; x_wconf 86' lang='lat' dir='ltr'><strong>vestre</strong></span> <span class='ocrx_word' id='word_1_168' title='bbox 1039 3718 1186 3796; x_wconf 82' lang='lat' dir='ltr'><strong>dixerim,</strong></span> <span class='ocrx_word' id='word_1_169' title='bbox 1201 3717 1361 3798; x_wconf 85' lang='lat' dir='ltr'><strong>ardorem,</strong></span> 
     </span>
     <span class='ocr_line' id='line_1_28' title="bbox 407 3818 1362 3903; baseline 0.002 -21"><span class='ocrx_word' id='word_1_170' title='bbox 407 3818 497 3883; x_wconf 87' lang='lat' dir='ltr'><strong>missi</strong></span> <span class='ocrx_word' id='word_1_171' title='bbox 510 3819 679 3885; x_wconf 85' lang='lat' dir='ltr'><strong>literarum</strong></span> <span class='ocrx_word' id='word_1_172' title='bbox 688 3820 796 3903; x_wconf 87' lang='lat' dir='ltr'><strong>apices</strong></span> <span class='ocrx_word' id='word_1_173' title='bbox 811 3820 1037 3903; x_wconf 83' lang='lat' dir='ltr'><strong>exprimerent.</strong></span> <span class='ocrx_word' id='word_1_174' title='bbox 1075 3820 1282 3887; x_wconf 77' lang='lat' dir='ltr'><strong>Rcsedisssm</strong></span> <span class='ocrx_word' id='word_1_175' title='bbox 1295 3822 1362 3885; x_wconf 88' lang='lat' dir='ltr'><strong>ati·</strong></span> 
     </span>
     <span class='ocr_line' id='line_1_29' title="bbox 408 3922 1362 4009; baseline 0.004 -22"><span class='ocrx_word' id='word_1_176' title='bbox 408 3944 470 4009; x_wconf 86' lang='lat' dir='ltr'><strong>que</strong></span> <span class='ocrx_word' id='word_1_177' title='bbox 488 3923 574 4007; x_wconf 81' lang='lat' dir='ltr'><strong>apud</strong></span> <span class='ocrx_word' id='word_1_178' title='bbox 592 3945 662 4003; x_wconf 88' lang='lat' dir='ltr'><strong>uos,</strong></span> <span class='ocrx_word' id='word_1_179' title='bbox 679 3928 712 3989; x_wconf 88' lang='lat' dir='ltr'><strong>et</strong></span> <span class='ocrx_word' id='word_1_180' title='bbox 731 3925 768 3989; x_wconf 91' lang='lat' dir='ltr'><strong>in</strong></span> <span class='ocrx_word' id='word_1_181' title='bbox 787 3922 938 3989; x_wconf 84' lang='lat' dir='ltr'><strong>menibus</strong></span> <span class='ocrx_word' id='word_1_182' title='bbox 957 3924 1076 3989; x_wconf 87' lang='lat' dir='ltr'><strong>nostris</strong></span> <span class='ocrx_word' id='word_1_183' title='bbox 1090 3924 1172 3989; x_wconf 90' lang='lat' dir='ltr'><strong>illud</strong></span> <span class='ocrx_word' id='word_1_184' title='bbox 1186 3924 1362 4009; x_wconf 85' lang='lat' dir='ltr'><strong>deperisset</strong></span> 
     </span>
     <span class='ocr_line' id='line_1_30' title="bbox 407 4023 1363 4109; baseline 0.004 -22"><span class='ocrx_word' id='word_1_185' title='bbox 407 4044 571 4103; x_wconf 77' lang='lat' dir='ltr'><strong>arcanum,</strong></span> <span class='ocrx_word' id='word_1_186' title='bbox 598 4031 631 4089; x_wconf 87' lang='lat' dir='ltr'><strong>et</strong></span> <span class='ocrx_word' id='word_1_187' title='bbox 653 4044 735 4108; x_wconf 85' lang='lat' dir='ltr'><strong>vaga</strong></span> <span class='ocrx_word' id='word_1_188' title='bbox 763 4023 799 4087; x_wconf 92' lang='lat' dir='ltr'><strong>in</strong></span> <span class='ocrx_word' id='word_1_189' title='bbox 828 4024 994 4108; x_wconf 90' lang='lat' dir='ltr'><strong>publicum</strong></span> <span class='ocrx_word' id='word_1_190' title='bbox 1019 4024 1158 4090; x_wconf 83' lang='lat' dir='ltr'><strong>exeundi</strong></span> <span class='ocrx_word' id='word_1_191' title='bbox 1186 4033 1363 4109; x_wconf 74' lang='lat' dir='ltr'><strong>negaretur</strong></span> 
     </span>
     <span class='ocr_line' id='line_1_31' title="bbox 406 4126 1361 4212; baseline -0.001 -19"><span class='ocrx_word' id='word_1_192' title='bbox 406 4126 546 4205; x_wconf 79' lang='lat' dir='ltr'><strong>licentis,</strong></span> <span class='ocrx_word' id='word_1_193' title='bbox 561 4148 605 4192; x_wconf 91' lang='lat' dir='ltr'><strong>nc</strong></span> <span class='ocrx_word' id='word_1_194' title='bbox 627 4128 791 4211; x_wconf 76' lang='lat' dir='ltr'><strong>geminata</strong></span> <span class='ocrx_word' id='word_1_195' title='bbox 809 4128 930 4212; x_wconf 87' lang='lat' dir='ltr'><strong>injuria</strong></span> <span class='ocrx_word' id='word_1_196' title='bbox 945 4148 1075 4193; x_wconf 90' lang='lat' dir='ltr'><strong>omnem</strong></span> <span class='ocrx_word' id='word_1_197' title='bbox 1092 4128 1361 4193; x_wconf 76' lang='lat' dir='ltr'><strong>recondliationis</strong></span> 
     </span>
     <span class='ocr_line' id='line_1_32' title="bbox 407 4228 1361 4316; baseline 0 -21"><span class='ocrx_word' id='word_1_198' title='bbox 407 4228 492 4295; x_wconf 83' lang='lat' dir='ltr'><strong>viem</strong></span> <span class='ocrx_word' id='word_1_199' title='bbox 511 4231 703 4297; x_wconf 84' lang='lat' dir='ltr'><strong>excluderet.</strong></span> <span class='ocrx_word' id='word_1_200' title='bbox 748 4232 866 4297; x_wconf 74' lang='lat' dir='ltr'><strong>Fateor</strong></span> <span class='ocrx_word' id='word_1_201' title='bbox 883 4231 1014 4316; x_wconf 85' lang='lat' dir='ltr'><strong>quidem</strong></span> <span class='ocrx_word' id='word_1_202' title='bbox 1032 4251 1085 4295; x_wconf 94' lang='lat' dir='ltr'><strong>me</strong></span> <span class='ocrx_word' id='word_1_203' title='bbox 1106 4230 1169 4311; x_wconf 88' lang='lat' dir='ltr'><strong>his,</strong></span> <span class='ocrx_word' id='word_1_204' title='bbox 1184 4252 1257 4315; x_wconf 84' lang='lat' dir='ltr'><strong>quse</strong></span> <span class='ocrx_word' id='word_1_205' title='bbox 1270 4230 1361 4296; x_wconf 82' lang='lat' dir='ltr'><strong>robis</strong></span> 
     </span>
     <span class='ocr_line' id='line_1_33' title="bbox 408 4333 1361 4419; baseline 0.002 -20"><span class='ocrx_word' id='word_1_206' title='bbox 408 4333 495 4399; x_wconf 84' lang='lat' dir='ltr'><strong>calor</strong></span> <span class='ocrx_word' id='word_1_207' title='bbox 508 4334 608 4401; x_wconf 85' lang='lat' dir='ltr'><strong>enimi</strong></span> <span class='ocrx_word' id='word_1_208' title='bbox 627 4334 833 4415; x_wconf 81' lang='lat' dir='ltr'><strong>ministravit,</strong></span> <span class='ocrx_word' id='word_1_209' title='bbox 848 4335 1052 4419; x_wconf 68' lang='lat' dir='ltr'><strong>aliquetenus</strong></span> <span class='ocrx_word' id='word_1_210' title='bbox 1068 4341 1277 4415; x_wconf 85' lang='lat' dir='ltr'><strong>commotum,</strong></span> <span class='ocrx_word' id='word_1_211' title='bbox 1291 4356 1361 4401; x_wconf 79' lang='lat' dir='ltr'><strong>non</strong></span> 
     </span>
    </p>
   </div>
   <div class='ocr_carea' id='block_1_5' title="bbox 0 0 1618 5192">
    <p class='ocr_par' dir='ltr' id='par_1_6' title="bbox 0 0 1618 5192">
     <span class='ocr_line' id='line_1_34' title="bbox 0 0 1618 5192; baseline 0 0"><span class='ocrx_word' id='word_1_212' title='bbox 0 0 1618 5192; x_wconf 95' lang='lat' dir='ltr'><strong> </strong></span> 
     </span>
    </p>
   </div>
  </div>
 </body>
</html>
