3225 5192
295 693 577 776 s.n.1139-—48.]
627 712 838 757 onoonsrrum
853 712 1030 757 nrrsromn.
1188 700 1246 761 101

295 830 439 915 gavensis
455 830 495 893 de
509 827 688 893 hereditate
702 828 829 893 inducit
848 835 881 893 et
902 828 942 893 ab
962 830 1024 894 hoc
1042 837 1150 895 totum
1167 831 1250 895 illud

296 934 464 1017 dependet,
481 930 566 1016 quod
582 931 622 996 de
633 932 820 1016 juramento
841 929 1059 1014 subjungitur.
1105 932 1248 1015 Impera·

295 1037 366 1101 trici
385 1056 525 1119 namque
545 1035 628 1098 sicut
647 1033 759 1097 heredi
775 1034 999 1117 juramentum
1013 1034 1135 1098 factum
1150 1035 1248 1099 fuisse

295 1139 495 1223 pronunciat.
541 1138 659 1201 Totum
674 1136 774 1219 igitur
789 1135 875 1220 quod
896 1136 937 1201 de
952 1138 1138 1221 juramento
1152 1138 1247 1202 indu-

295 1242 386 1321 citur,
399 1240 557 1306 exinaniri
573 1260 702 1305 necesse
717 1247 775 1317 est,
788 1239 816 1303 si
831 1239 870 1302 de
884 1240 955 1324 ipso
968 1240 1162 1305 hereditario
1173 1243 1248 1326 jure

295 1368 360 1409 non
375 1345 567 1409 constiterit.
612 1341 725 1426 Ipsum
739 1363 813 1405 vero
832 1342 878 1406 sio
895 1343 1095 1426 infringitur.
1141 1344 1247 1429 Impe-

295 1448 453 1527 ratricem,
470 1448 510 1511 de
526 1469 589 1530 qua
603 1446 754 1529 loquitur,
770 1467 839 1509 non
858 1445 899 1509 de
918 1446 1064 1529 legitimo
1083 1449 1248 1511 matrimo-

295 1550 349 1613 nio
363 1558 468 1613 ortam
483 1549 722 1613 denuntiamus.
763 1548 911 1613 Deviavit
925 1570 945 1613 a
958 1550 1104 1633 legitimo
1118 1552 1248 1615 tramite

297 1652 458 1716 Henricus
472 1674 538 1731 rex,
554 1658 588 1717 et
603 1673 699 1735 quam
715 1672 783 1715 non
797 1650 925 1730 licebat,
941 1650 1003 1716 sibi
1013 1654 1123 1736 junxit
1137 1656 1247 1717 matri-

295 1756 412 1833 monio,
435 1756 524 1819 unde
545 1756 638 1819 istius
655 1760 738 1817 ¹sunt
760 1754 910 1818 natalitia
929 1761 1124 1838 propagate:
1148 1777 1247 1839 quare

294 1858 381 1921 illam
396 1858 481 1941 patri
495 1859 531 1921 in
546 1856 697 1921 heredem
712 1876 780 1919 non
792 1855 908 1921 debere
923 1856 1101 1936 succedere,
1113 1864 1147 1921 et
1158 1880 1248 1924 sacra

296 1961 498 2025 denuntiant.
546 1958 618 2025 Hoc
639 1962 675 2023 in
697 1960 862 2024 communi
884 1960 1050 2025 audientia
1071 1961 1247 2027 multorum
1326 1982 1332 2001 ·

293 2064 517 2128 vociferatione
546 2064 762 2127 declamatum
793 2070 852 2141 est,
879 2070 913 2128 et
939 2064 1020 2127 nihil
1046 2066 1178 2129 omnino
1205 2066 1246 2130 ab

294 2166 394 2229 alteru
418 2173 509 2249 parte
533 2186 732 2248 responsum.
783 2166 885 2249 Rogo,
908 2167 988 2230 mihi
1012 2167 1047 2230 in
1070 2176 1161 2250 parte
1184 2168 1248 2233 ista

293 2268 494 2351 respondeas.
541 2268 676 2332 Interim
698 2268 803 2331 dicam
821 2269 890 2352 ipse
910 2269 995 2351 quod
1014 2270 1128 2334 sentio.
1174 2270 1246 2335 Ma·

290 2370 375 2454 jores
395 2379 487 2449 natu,
507 2392 658 2455 personas
678 2371 843 2453 religiosas
863 2376 896 2435 et
917 2380 1054 2450 sanctas,
1071 2372 1185 2457 stepius
1206 2372 1246 2435 de

293 2494 327 2536 re
349 2474 413 2537 ista
436 2473 578 2538 conveni.
624 2474 732 2537 Audio
757 2474 843 2537 illius
872 2475 1070 2538 matrimonii
1099 2474 1246 2557 copulam

294 2583 404 2639 sancto
430 2576 585 2640 Anselmo
610 2575 849 2659 archiepiscopo
874 2577 1080 2640 ministrante
1106 2576 1244 2640 celebra·

293 2684 370 2740 tam.
416 2679 528 2759 Ipsum
544 2678 627 2741 enim
645 2700 712 2742 non
727 2679 820 2743 aliter
835 2700 932 2762 quam
946 2685 1093 2742 sanctum
1111 2679 1247 2743 audeam

295 2780 462 2862 appellare.
486 2782 574 2845 Nam
586 2802 686 2864 quum
700 2782 800 2845 freter
815 2782 946 2865 qnidam
958 2781 1121 2845 dubitaret
1136 2787 1246 2845 utrum

295 2891 422 2945 sanctus
446 2883 598 2966 appellari
613 2883 785 2963 debuisset,
802 2885 830 2948 ei
847 2884 1000 2948 divinitus
1015 2884 1084 2947 haec
1097 2884 1184 2947 facta
1197 2890 1247 2947 est

294 2985 452 3049 revelatio.
483 2986 572 3049 Dum
587 2994 693 3051 oraret
708 2994 740 3051 et
756 2988 796 3051 ab
812 2988 957 3053 oratione
971 2989 1007 3051 in
1022 2988 1142 3051 mentis
1155 3008 1246 3070 rape-

294 3094 382 3151 retur
396 3109 570 3166 excessum,
589 3089 670 3154 liber
690 3092 721 3153 ei
739 3091 774 3154 in
794 3091 944 3155 manibus
964 3090 1059 3155 datus
1079 3097 1138 3168 est,
1154 3091 1246 3173 cujus

295 3190 371 3254 dum
392 3191 511 3274 primas
533 3191 707 3256 revolveret
729 3193 873 3275 paginas,
895 3192 978 3256 nihil
1004 3193 1159 3276 scriptum
1183 3192 1247 3256 nisi

296 3295 428 3357 Sanctus
445 3295 605 3358 Amemus
619 3295 754 3360 invenit.
800 3297 844 3360 Et
859 3318 960 3379 quum
978 3303 1095 3361 caetera
1112 3316 1247 3378 quaeque

294 3404 502 3480 percurreret,
514 3397 596 3461 nihil
607 3399 726 3481 reperit
738 3399 800 3462 nisi
810 3400 944 3481 Sanctio
952 3400 1125 3463 Aruelmus.
1149 3398 1246 3462 Unde

294 3506 419 3563 certum
439 3508 488 3564 est
507 3521 575 3565 non
592 3501 717 3586 placere
737 3502 897 3565 divinitati
911 3502 1017 3586 ipsum
1032 3501 1124 3566 aliter
1139 3501 1245 3585 appel-

255 3682 260 3693 *
294 3604 352 3667 lari
368 3626 465 3689 quam
480 3613 638 3669 sanctum.
684 3606 816 3671 Certum
831 3616 881 3670 est
894 3608 1069 3690 perfectam
1086 3606 1162 3670 huic
1179 3629 1246 3670 non

296 3707 432 3771 defuisse
447 3708 614 3773 caritatem
631 3731 702 3792 quae
722 3710 806 3773 forus
826 3710 928 3774 mittit
948 3731 1099 3774 amorem.
1144 3710 1245 3773 Mira·

296 3809 358 3874 bile
380 3831 519 3893 namque
542 3811 581 3875 de
604 3812 673 3895 ipso
695 3812 919 3876 testimonium
941 3814 1101 3877 assuetis
1125 3814 1246 3877 audivi-

295 3934 376 3975 mus.
422 3913 543 3977 Munus
563 3924 674 3978 autem
697 3915 757 3979 sibi
779 3915 909 3999 praecidi
928 3916 1133 3998 permisisset,
1150 3937 1247 3998 quam

295 4034 348 4077 eas
368 4014 410 4078 ad
429 4036 509 4099 opus
528 4017 679 4080 illicitum
698 4018 902 4091 extendisset.
948 4018 1061 4101 Longe
1083 4018 1125 4081 sit
1147 4018 1247 4100 igitur

295 4116 334 4180 ab
349 4116 517 4181 intellectu
531 4116 699 4197 bonorum,
712 4118 886 4184 abradatur
896 4142 916 4183 a
926 4120 1075 4184 cordibus
1090 4120 1245 4197 omnium,

295 4225 332 4281 ut
356 4240 375 4281 a
399 4220 634 4303 sapientissimo
657 4241 733 4304 rege
757 4228 790 4286 et
815 4242 950 4285 summae
975 4220 1154 4286 sanctitatis
1180 4220 1245 4303 epi·

295 4342 398 4403 scopo,
415 4322 586 4405 quicquam
602 4322 663 4387 nisi
682 4324 828 4406 legitime
848 4330 881 4388 et
901 4331 1011 4387 sancte
1025 4323 1123 4386 trisse
1137 4321 1246 4385 creda·
1329 4358 1333 4367 ·
