3225 5192
344 656 406 717 168
656 674 817 723 errarem
835 674 985 739 rrrscorr
1091 658 1100 686 ¹

342 796 529 875 perpetuam
554 789 605 853 sui
627 788 822 853 soliditatem
836 790 1003 853 literarum
1017 789 1172 854 memoria
1184 790 1299 855 testifi-
1337 801 1341 810 '

342 895 445 960 canda
459 895 581 977 pariter
594 901 643 959 est
658 901 692 959 et
706 893 898 958 roboranda.
931 894 1055 959 Noscat
1069 895 1179 977 itaque
1192 904 1299 959 restra

343 998 493 1062 discretio
516 1018 644 1081 eausam
672 1018 745 1080 quaa
771 998 859 1062 inter
881 998 1067 1062 Jobannem
1092 998 1242 1063 clericum
1262 1006 1299 1061 at

345 1099 563 1181 Reginaldum
586 1098 626 1163 de
649 1086 815 1181 Pagaham
836 1118 934 1181 super
953 1098 1088 1162 ecelesia
1107 1099 1147 1163 de
1165 1098 1301 1163 Credin·

343 1211 424 1266 tune
439 1202 496 1275 diu
511 1204 634 1286 agitata
644 1208 703 1280 est,
716 1223 788 1285 quae
798 1202 896 1265 etiam
912 1208 1036 1285 apatre
1046 1208 1159 1265 nostro
1170 1201 1301 1266 domino

344 1326 428 1388 papa
441 1306 626 1369 Alexandro
645 1304 739 1369 nobis
757 1304 906 1388 delegata
919 1312 978 1382 est,
993 1311 1031 1369 ut
1045 1305 1149 1388 ipsam
1163 1305 1300 1388 diligen-

344 1414 396 1470 ter
417 1408 611 1487 audiremus,
628 1415 660 1471 et
682 1408 863 1471 rationibus
880 1408 1022 1491 partium
1038 1407 1118 1471 'hinc
1135 1408 1211 1471 inde
1229 1407 1301 1471 dili·

347 1518 462 1593 genter
477 1511 595 1576 auditis
611 1518 644 1576 et
665 1511 802 1593 cognitis
821 1510 922 1594 ipsam
938 1516 1064 1574 remoto
1078 1510 1301 1593 appellationis

347 1613 514 1678 obstaculo
542 1614 707 1678 mediante
732 1614 862 1697 justitia
890 1612 1120 1691 decideremus,
1149 1612 1184 1675 in
1213 1613 1301 1677 bunc

346 1716 479 1781 tandem
494 1717 628 1781 modum
642 1716 870 1799 conquievisse.
914 1716 1003 1779 Nam
1018 1736 1118 1800 quum
1134 1715 1301 1781 «lohannes

347 1819 488 1883 adducta
505 1820 638 1901 testium
658 1820 758 1903 copia,
770 1818 962 1903 jamdictam
976 1818 1142 1883 ecelesiam
1162 1820 1197 1881 in
1216 1819 1301 1883 inte·

318 1996 319 2001 ,
347 1944 442 2006 grum
456 1924 518 1992 sibi
532 1923 661 1987 restitui
679 1924 883 2007 postulasset,
900 1922 1100 2005 Reginaldus
1115 1942 1184 1986 esse
1198 1922 1302 1987 aciem

347 2025 500 2108 ambigua
528 2025 614 2089 iacta
640 2046 818 2102 causarum,
846 2024 1055 2108 anticipando
1080 2024 1240 2108 judicium
1265 2026 1301 2089 in

345 2128 506 2210 integram
527 2127 733 2192 medietatem
751 2128 917 2211 jamdictae
930 2127 1072 2191 ecclesiae
1086 2128 1231 2191 Johanni
1244 2149 1303 2211 per

346 2231 457 2295 omnia
470 2232 638 2308 concessit,
650 2230 762 2314 sicque
770 2252 847 2295 oum
860 2252 899 2295 eo
913 2230 1124 2313 transigendo
1136 2230 1190 2294 liti
1203 2232 1302 2295 finem

345 2334 508 2418 imposuit.
532 2334 640 2416 Elegit
652 2334 740 2397 enim
750 2334 917 2398 Jobannes
927 2333 1071 2415 oblatam
1085 2333 1147 2398 sibi
1161 2334 1303 2399 ecclesiae

346 2438 529 2523 portionem
546 2438 654 2521 potius
668 2438 704 2501 in
718 2458 796 2521 pace
811 2421 987 2521 suscipere,
999 2459 1097 2521 quam
1112 2446 1212 2503 testes
1226 2460 1303 2502 suos

346 2541 589 2625 probationibus
612 2548 646 2605 et
667 2542 862 2625 juramentis
883 2561 1026 2605 onerare.
1071 2541 1180 2605 'lactis
1201 2540 1303 2623 igitur

347 2645 519 2727 evangeliis
541 2645 705 2728 utrimque
722 2644 871 2728 juratum
890 2651 940 2707 est
961 2650 1000 2707 ut
1020 2652 1139 2708 neuter
1161 2645 1303 2708 alterum

350 2744 464 2808 suade
479 2751 595 2808 caetero
610 2744 757 2828 portione
771 2744 910 2821 daudet,
926 2741 983 2806 sed
993 2748 1129 2826 uterque
1145 2743 1238 2806 alteri
1248 2744 1304 2827 jus

349 2868 444 2911 suum
458 2847 623 2930 integrum
638 2846 864 2929 illibatumque
878 2854 1055 2909 conservet.
1095 2846 1181 2910 Sane
1196 2845 1303 2929 aliquo

348 2950 491 3034 ipsorum
511 2951 612 3015 altero
632 2958 743 3015 tamen
762 2950 935 3033 superstite
953 2948 1139 3027 decedente,
1155 2949 1230 3033 jure
1244 2970 1304 3013 sno

349 3052 409 3116 sibi
430 3053 466 3117 in
488 3054 587 3136 partis
610 3054 741 3121 alterius
762 3058 997 3137 recuperatore,
1013 3052 1101 3117 salvo
1117 3074 1176 3136 per
1193 3052 1303 3117 onmia

348 3165 569 3238 permanente.
616 3156 712 3222 Quod
727 3156 803 3240 quia
816 3177 925 3221 eoram
940 3154 1034 3219 nobis
1049 3162 1157 3220 actum
1172 3163 1231 3235 est,
1242 3177 1303 3219 nos

350 3256 389 3321 ad
405 3258 502 3323 finem
518 3259 604 3341 pacis
615 3266 734 3324 cuncta
747 3259 851 3342 redigi
867 3260 1034 3343 cupientes
1048 3258 1302 3343 approbavimus,

349 3369 383 3424 et
397 3362 609 3426 transactioni
631 3363 667 3426 in
685 3362 773 3427 huno
790 3362 925 3428 modum
939 3363 1029 3427 initae
1043 3383 1208 3426 assensum
1222 3383 1303 3445 prae·

350 3463 489 3543 buimus,
505 3464 608 3549 ipsam
621 3473 660 3531 ut
674 3467 710 3529 in
721 3472 914 3550 perpetuum
928 3466 1137 3543 convalescat,
1152 3465 1305 3549 praesenti

351 3568 468 3653 scripto
483 3576 516 3634 et
532 3570 628 3655 sigilli
643 3571 744 3636 nostri
760 3570 960 3656 appositione
974 3568 1174 3634 testificando
1189 3569 1304 3633 confir·

350 3694 517 3737 maranus.
