3225 5192
259 695 326 741 aar.
346 676 543 759 nol-89]
587 695 1030 742 uouoouruusrsarvsrouu.
1144 679 1208 742 365

257 811 423 876 audientia
444 817 477 876 et
493 809 615 894 judicio
638 811 765 895 spoliati
786 817 991 895 nautasque
1011 811 1053 876 ad
1067 812 1209 877 reditum

165 995 168 1000 Ι
256 923 399 980 vestmm
428 915 567 979 resaisiri
602 915 802 998 praeeipiatis,
833 922 867 980 et
899 937 974 980 eum
1001 917 1038 979 in
1070 938 1209 1000 regnum

257 1026 398 1084 vestrum
423 1019 528 1102 gratia
551 1039 605 1082 vos
634 1018 743 1082 diviua
767 1017 942 1098 reduxerit,
966 1041 1039 1103 quae
1067 1041 1087 1084 a
1114 1020 1209 1085 nobis

255 1129 347 1208 gesta
365 1128 442 1187 sunt
463 1121 676 1206 praesentibus
693 1121 787 1186 nobis
809 1121 956 1203 audiatis,
971 1131 1005 1188 et
1025 1145 1097 1208 quae
1111 1125 1209 1189 corri-

255 1227 362 1310 genda
375 1226 528 1305 videritis,
544 1226 632 1308 regia
649 1232 746 1310 prout
763 1225 919 1309 placuerit
941 1226 1093 1310 aequitate
1112 1227 1208 1290 corri-

256 1330 348 1413 gatis.
395 1329 530 1393 Summa
549 1350 646 1412 quam
668 1328 797 1393 restitui
815 1329 965 1412 petimus,
981 1349 1049 1392 non
1068 1351 1090 1392 x
1112 1330 1209 1413 plene

254 1455 433 1498 marearum
444 1440 503 1511 est,
516 1455 589 1498 cum
606 1433 647 1496 sit
662 1437 773 1496 tamen
788 1433 858 1517 ejus
873 1431 1023 1510 eeclesiae,
1033 1433 1208 1498 donatione

254 1537 385 1620 quidem
398 1544 513 1615 vestra,
529 1543 701 1619 nostroque
723 1535 843 1615 labore,
858 1541 1004 1619 tempore
1026 1557 1089 1619 quo
1110 1537 1147 1600 in
1168 1558 1208 1602 aa

254 1642 515 1720 ministravimus,
527 1647 658 1706 uentum
670 1642 765 1724 plene
775 1661 955 1704 marearum
965 1639 1082 1720 reditu,
1094 1641 1207 1706 melior

252 1745 339 1810 laeta
353 1736 505 1810 conditio.
549 1745 813 1810 Incolumitatem
827 1751 965 1809 vestram
985 1751 1151 1809 conservet
1170 1745 1207 1809 in

250 1849 349 1934 longa
362 1857 508 1935 tempora
522 1850 622 1930 Deus,
637 1849 672 1914 in
688 1849 818 1914 Christo
834 1847 949 1913 dilecte
965 1848 1105 1913 domine.

361 2163 582 2228 EPISTOLA
604 2163 914 2229 comm-in
929 2183 1087 2228 aaronis.

250 2316 382 2379 Domino
400 2336 455 2378 suo
470 2317 630 2379 cerbario
644 2317 760 2379 illustri
773 2317 946 2398 Aaqlorum
960 2316 1027 2399 reqi
1041 2315 1084 2379 H.
1093 2314 1204 2397 frater

296 2421 334 2481 G.
344 2419 567 2481 Loudoaieusis
577 2420 709 2481 eeclesia
723 2421 865 2482 minister
878 2421 1009 2482 solutura
1023 2424 1054 2482 et
1068 2419 1202 2483 debitum

294 2523 407 2586 mete
414 2520 582 2603 fidelitatis
596 2521 779 2603 obsequium.

294 2673 471 2752 Vusraau,
488 2673 627 2751 domiue,
643 2670 802 2737 credimus
825 2671 1048 2735 excellentiam
1069 2692 1138 2736 non
1155 2672 1201 2737 la·

249 2780 328 2854 tere,
344 2775 481 2859 qualiter
495 2775 531 2838 iu
549 2797 602 2840 me
621 2780 655 2838 et
677 2773 833 2859 quosdam
855 2773 934 2839 alios
953 2774 1064 2839 fideles
1077 2783 1200 2840 vestros

249 2900 382 2942 manum
398 2901 489 2943 suam
505 2877 653 2942 dominus
665 2877 908 2942 Cantuariensis
924 2878 1153 2961 aggravaverit,
1166 2888 1200 2944 et

248 2982 353 3066 quoad
376 2983 492 3066 potuit,
517 2982 660 3065 gladium
689 2982 723 3045 in
750 3003 810 3046 nos
839 2981 1039 3064 spiritualem
1060 2981 1097 3045 in
1114 2982 1198 3066 juris

246 3086 367 3171 publici
382 3087 545 3152 laesionem
557 3086 689 3151 dextera
698 3085 880 3170 iniquitatis
890 3085 1065 3150 intorserit.
1084 3087 1198 3151 Canon

247 3213 387 3276 namque
407 3192 594 3256 notissimus
611 3191 665 3255 hie
681 3196 743 3269 est,
762 3195 800 3254 ut
821 3209 916 3254 nemo
934 3191 1199 3274 proeproperevel

245 3303 446 3380 praepostere,
461 3296 495 3360 id
514 3303 563 3361 est
583 3317 650 3360 uon
671 3294 887 3359 commonitus
906 3314 1012 3377 neque
1033 3295 1197 3359 convietus

239 3398 413 3482 judicetur,
431 3420 492 3462 nee
512 3399 679 3482 episeopus
701 3396 833 3461 omnino
857 3417 1051 3480 quemquam
1071 3417 1196 3465 exeom-

243 3501 397 3581 munieet,
413 3501 516 3566 donee
534 3521 631 3566 eausa
651 3499 815 3584 probetur,
838 3519 934 3582 super
956 3520 1020 3583 qua
1040 3519 1115 3563 reus
1135 3499 1195 3564 im·

243 3605 374 3686 petitur.
402 3605 500 3669 Unde
516 3627 614 3688 quum
632 3605 735 3689 ajure
752 3601 988 3681 exorbitaverit,
998 3599 1040 3666 de
1053 3603 1196 3667 Domino
1285 3649 1291 3660 .

243 3708 443 3787 confidimus,
459 3707 547 3773 utin
560 3729 621 3772 nos
635 3707 791 3772 vibrando
805 3705 950 3790 gladium
965 3725 1071 3772 aerem
1087 3706 1195 3790 potius

242 3809 464 3891 verberaverit,
479 3833 575 3896 quam
596 3816 653 3875 aut
672 3831 803 3895 corpore
824 3814 881 3873 aut
900 3809 1010 3873 anima
1029 3809 1195 3892 spirituale

243 3913 335 3979 nobis
350 3915 467 3979 vulnus
480 3915 641 3980 inflixerit.
679 3916 770 3979 letus
786 3915 873 3979 eninr
885 3913 954 3999 ejus
970 3914 1011 3978 ad
1026 3915 1194 3979 dominum

243 4038 360 4101 papam
383 4018 573 4102 appellando
590 4017 813 4100 praevenimus,
833 4024 867 4081 et
885 4017 923 4080 in
941 4016 1035 4081 initio
1058 4018 1194 4101 quadra-

243 4121 374 4204 gesimae
396 4121 482 4186 faeta
506 4119 686 4205 appellatio,
710 4119 905 4184 sententiam
935 4119 987 4184 die
1008 4119 1194 4184 Palmarum

241 4224 340 4290 latam
356 4226 450 4310 plene
465 4225 583 4289 viribus
598 4223 772 4288 evacuavit.
822 4223 933 4287 Sixtus
948 4222 1035 4287 euim
1049 4245 1134 4307 papa
1147 4223 1193 4288 sio

240 4329 364 4408 statuit,
382 4329 562 4395 ‘Quotiens
583 4327 747 4412 episcopus
771 4347 804 4395 se
825 4348 845 4390 a
863 4348 922 4391 suo
944 4327 1192 4410 metropolitano
