3225 5192
302 683 369 726 ω.
388 662 585 746 uel-ee]
636 683 1079 728 nounourrnssssrrsrona.
1187 667 1250 728 293

302 819 398 862 suum
413 797 599 882 Rogerium,
616 805 672 863 aut
691 820 710 863 a
732 799 848 864 vicaria
865 800 944 884 ipsa,
960 800 988 864 si
1002 801 1130 885 justum
1143 802 1252 881 fuerit,

303 900 485 978 amoveatis,
509 910 566 964 aut
587 901 722 966 firmatis
744 901 807 966 fide
829 901 1020 985 interposita
1042 902 1143 984 pactis
1166 909 1252 966 stare

303 1006 510 1090 compellatis.
548 1007 636 1090 Aget
651 1006 767 1072 oblatae
780 1007 884 1091 precis
897 1007 1068 1083 exauditio,
1084 1015 1122 1070 ut
1136 1015 1170 1071 et
1184 1029 1251 1071 ma-

301 1109 439 1192 gistrum
454 1109 685 1194 Randulpbum
701 1109 878 1174 obnoxium
896 1109 1034 1189 servitio,
1051 1117 1084 1181 ct
1104 1131 1164 1173 nos
1184 1131 1250 1174 am·

302 1211 411 1296 plioris
426 1212 538 1295 gratiae
553 1211 712 1278 debitores
726 1212 882 1278 habeatis.
909 1211 1024 1276 Valere
1034 1234 1089 1278 vos
1103 1220 1252 1298 optamus
1382 1217 1392 1242 ¹

302 1315 338 1378 in
353 1314 504 1392 Domino,
519 1322 612 1400 pater
626 1316 662 1380 in
677 1316 807 1382 Christo
821 1316 992 1381 carissime.

334 1641 555 1707 EPISTOLA
578 1642 756 1707 CCL-sn
771 1661 951 1706 nocuerunt
968 1662 1216 1707 nsoascsnsau

621 1764 932 1810 sacn1nr1soorun.

310 1895 481 1959 Venerabili
505 1895 627 1960 domim
653 1903 683 1960 et
709 1897 807 1960 amica
833 1897 993 1960 carissiaco
1014 1896 1054 1959 R.
1078 1896 1128 1959 dei
1146 1899 1255 1979 aratia

346 1999 536 2062 Eboracenai
565 2001 803 2082 archiepiscopo,
826 1998 937 2081 frater
968 2000 1006 2063 G.
1033 1999 1256 2064 Londoniensis

345 2103 477 2165 ecclesie
491 2103 641 2182 minister,
656 2105 795 2166 adalan.

346 2252 497 2316 Lirenas
524 2252 704 2318 dilectionis
727 2260 842 2318 vestrae
867 2253 1075 2336 suscepimus,
1099 2275 1172 2336 quse
1194 2275 1255 2318 uos

301 2360 395 2417 tanto
425 2355 530 2418 verius
559 2355 677 2437 gaudio
705 2355 898 2433 refecerunt,
923 2363 1045 2438 quanto
1070 2356 1188 2419 certius
1214 2356 1255 2420 de

302 2464 390 2518 statu
404 2462 518 2534 vestro,
535 2456 575 2520 de
589 2477 739 2539 prospero
754 2457 870 2533 reditu,
882 2457 922 2520 de
937 2457 1078 2520 adventu
1092 2457 1133 2519 ad
1147 2467 1254 2541 partes

303 2563 441 2636 nostras,
457 2563 490 2620 el
504 2559 623 2621 nostris
641 2557 682 2622 ad
701 2564 813 2622 votum
828 2557 993 2622 desideriis
1007 2559 1254 2641 responderunt.

303 2656 406 2720 Vobis
436 2657 554 2741 itaque,
579 2677 621 2720 ue
647 2663 759 2720 nostra
787 2656 917 2739 lougius
945 2663 1019 2720 vota
1046 2677 1254 2736 remoremur,

303 2762 402 2824 dante
418 2760 559 2825 Domino
574 2780 788 2839 occurremus,
802 2766 842 2822 ut
859 2757 1070 2841 proximadie
1085 2759 1256 2823 Dominica

301 2874 374 2950 post
388 2866 649 2930 Purificationem
670 2864 774 2928 beetae
793 2862 909 2928 Mariae
924 2862 1069 2945 gloriosse
1089 2861 1249 2946 [virginis]

300 2968 466 3034 venientes
481 2967 661 3044 constituti,
676 2967 712 3031 in
727 2966 878 3045 crastino,
892 2971 999 3029 vestro
1013 2964 1041 3028 si
1054 2963 1160 3047 placet

579 3070 717 3152 (Cetera
731 3069 970 3149 monim.)

470 3384 691 3450 EPIS'l'OLA
714 3383 909 3448 COIL-an
925 3403 1079 3448 sannaus.

309 3535 483 3600 Venerabili
506 3537 627 3600 domim
644 3537 795 3622 patrique
819 3535 979 3600 carbrimo
1001 3536 1040 3599 R.
1064 3532 1255 3599 Eboracenei

345 3639 407 3704 Dei
432 3641 540 3720 qratia
570 3639 810 3720 archiepiscopo,
832 3637 943 3720 frater
968 3639 1006 3702 G.
1032 3637 1256 3702 &anabasis

346 3742 478 3804 ecclesia
492 3741 642 3820 minister,
659 3747 735 3824 apla
749 3762 874 3824 qaoeqae
887 3741 994 3820 saluti,
1009 3746 1040 3805 et
1057 3742 1086 3804 si
1105 3742 1182 3823 qaid
1194 3743 1254 3824 ipsi

343 3865 512 3925 poccamw,
528 3843 653 3907 lionoris
668 3850 698 3906 cl
712 3843 843 3906 servilii.

346 3993 543 4057 Vnnnoaurs
559 3993 652 4057 facile
667 3992 780 4057 suadet
794 3993 950 4076 paucitas,
965 4013 1039 4056 cum
1062 3991 1104 4055 ad
1125 3989 1254 4054 exaudi-

303 4097 424 4160 endum
444 4102 594 4180 prompta
613 4101 662 4159 est
682 4094 782 4179 ipsius
802 4095 843 4159 ad
863 4117 960 4178 quem
977 4093 1137 4169 scribitur,
1153 4090 1256 4155 amica

303 4199 497 4283 benignitas.
540 4199 637 4263 Unde
653 4198 783 4282 quiade
797 4205 903 4263 vestra
915 4198 952 4262 in
966 4218 1026 4261 nos
1039 4194 1256 4258 benivolentia

304 4302 455 4368 fiduciam
467 4301 592 4386 jamdiu
608 4301 745 4366 mrdtam
760 4302 830 4385 ipsa
844 4321 952 4365 rerum
968 4295 1164 4362 exhibitione
1178 4315 1254 4359 con-
