3225 5192
383 662 427 725 92
630 678 791 724 uiusssnr
809 672 930 724 consor
944 680 1092 723 ssssrrs

393 946 614 1013 EPIS'l'OLA
636 946 883 1011 LXXVL-sn
901 966 1086 1011 noscuntur
1102 967 1329 1012 nruconusnu-

665 1070 731 1113 ssu
748 1067 1054 1113 sncmmscouuis.

382 1176 516 1251 Roberto
535 1185 744 1249 lincoluimei
763 1183 983 1247 archidiacono
1000 1183 1163 1247 caruem
1180 1204 1247 1263 uso,
1264 1204 1340 1247 suus

437 1291 475 1355 G.
490 1309 596 1355 vuum
610 1294 641 1352 et
654 1288 823 1353 soldorum
836 1289 872 1350 iu
885 1293 1024 1369 tempora
1032 1288 1284 1369 prosperitatem

425 1427 534 1490 Aemo
559 1444 664 1489 cause
687 1430 805 1489 nostrae
824 1444 928 1507 usqne
951 1422 992 1487 sd
1014 1423 1189 1488 adrentum
1213 1424 1337 1489 domini

382 1527 801 1611 EborscensisinAnglism
810 1527 943 1591 consilio
952 1526 1076 1591 domini
1085 1527 1336 1608 Olurevullensis,

382 1640 415 1697 et
430 1632 553 1697 domini
567 1650 658 1716 pupae
671 1631 839 1695 voluntate
853 1630 953 1694 dilau
967 1635 1026 1693 est.
1050 1629 1213 1695 Omnibus
1226 1629 1337 1714 itsqne

379 1736 416 1799 in
444 1734 633 1817 integritate
661 1732 880 1811 manentibus,
906 1731 978 1797 suni
1006 1733 1127 1816 puriter
1152 1739 1187 1797 et
1215 1733 1336 1797 slscrcs

381 1837 523 1901 Domino
542 1856 600 1920 per
618 1836 729 1901 omnis
746 1834 831 1899 bene
850 1836 986 1919 juvante
1002 1834 1186 1913 redivimus,
1203 1835 1336 1901 domino

381 1938 577 2004 Eborscensi
587 1944 660 2022 post
671 1938 955 2024 quadragesimum
970 1937 1011 2003 cb
1024 1938 1164 2003 adventu
1176 1960 1235 2003 sno
1249 1939 1335 2003 diem

379 2042 405 2107 si
432 2042 492 2107 sibi
515 2040 671 2125 placuerit
693 2040 728 2104 in
750 2042 923 2125 praescntis
941 2048 976 2105 et
999 2042 1090 2105 curie
1106 2040 1230 2107 domini
1249 2041 1335 2125 regis

378 2144 571 2229 responsuri.
617 2142 857 2222 Dunelmensis,
873 2143 1119 2227 wigorniensis,
1135 2144 1334 2209 Buthonicn·

379 2232 431 2327 sis,
455 2246 657 2327 Exonicnsis,
682 2252 716 2312 et
738 2246 900 2330 praecipue
923 2245 1160 2311 Wintonicnsis
1182 2246 1223 2311 sb
1245 2248 1335 2312 omni

379 2352 482 2419 officio
504 2350 675 2435 episcopali
697 2350 845 2434 suspensi
866 2356 954 2430 sunt,
973 2350 1112 2432 gratiam
1132 2350 1277 2416 fortassis
1298 2352 1334 2415 in

378 2462 543 2540 posterum
576 2474 634 2538 per
665 2451 768 2517 bonos
803 2452 937 2516 nuntios
966 2452 1118 2517 habituri.
1171 2454 1333 2519 Dominus

379 2558 619 2624 centuariensis
649 2563 682 2622 et
712 2556 767 2621 ulii
796 2557 1001 2641 quamplures
1030 2557 1182 2642 episcopi,
1209 2565 1243 2622 et
1272 2578 1332 2623 nos

377 2683 489 2728 omues
503 2682 562 2746 pro
577 2660 707 2725 domino
717 2658 938 2724 Wintoniensi
953 2660 1179 2745 supplicantes,
1192 2660 1228 2724 in
1243 2661 1332 2725 nullo

377 2786 507 2849 prorsus
522 2764 624 2830 suditi
639 2784 761 2842 sumus,
777 2762 843 2841 scd,
858 2762 945 2846 quod
959 2784 1019 2829 nos
1033 2763 1142 2827 minus
1156 2764 1330 2847 potuimus,

377 2890 483 2933 comes
492 2866 695 2933 Theobuldus
706 2866 863 2930 instantis
872 2863 1063 2931 nuntiorum
1074 2866 1214 2951 episcopi
1224 2873 1332 2950 speret

377 2970 533 3036 obtinere.
578 2968 738 3033 Dominus
753 2988 837 3050 papa
850 2987 947 3049 super
956 2965 1007 3029 his
1022 2976 1094 3049 quoe
1108 2966 1150 3031 sd
1164 2967 1330 3031 ecclesium

377 3082 514 3139 vestrum
537 3076 694 3156 spectant,
717 3069 850 3133 domino
863 3069 1084 3132 Wintoniensi
1105 3070 1141 3133 in
1163 3071 1255 3135 nullo
1276 3092 1331 3155 pe·

376 3178 465 3240 nitus
487 3174 705 3257 adquiescens,
720 3170 958 3255 plenitudinem
975 3171 1144 3254 potestatis
1162 3172 1199 3234 in
1213 3194 1330 3238 consu·

375 3278 472 3343 lendo
486 3276 627 3341 eoclesiae
643 3282 755 3339 vestrae
773 3273 904 3337 domino
919 3273 1146 3338 Cuntuuriensi
1155 3277 1329 3357 concessit,

375 3391 413 3447 nt
427 3383 462 3447 in
478 3379 638 3457 omnibus,
650 3400 722 3463 quae
737 3378 778 3443 sd
793 3378 828 3441 id
842 3383 999 3461 spectant,
1015 3376 1147 3442 domino
1158 3378 1331 3445 Centusri·

376 3486 455 3566 ensi,
471 3493 626 3567 tunquam
649 3482 781 3547 domino
800 3502 891 3565 pspae
913 3480 1081 3545 obedistis.
1125 3481 1252 3547 Iiterss
1271 3482 1329 3546 do·

375 3589 456 3653 mini
469 3608 561 3671 pupae
575 3608 670 3671 super
683 3586 735 3650 his
754 3583 917 3649 Robertus
932 3584 1037 3648 Foliot
1057 3591 1134 3649 aute
1153 3584 1329 3649 discessum

373 3698 521 3756 nostrum
541 3690 610 3775 jum
630 3691 817 3775 impetrans,
832 3686 922 3752 vobis
939 3688 1096 3751 sllsturus
1109 3694 1171 3752 est
1212 3687 1329 3771 Agutis

372 3794 483 3877 its'que
498 3813 572 3858 cum
587 3792 714 3857 fiducia.
749 3790 846 3857 Quod
860 3790 949 3855 enim
963 3789 1095 3855 domino
1109 3790 1329 3855 Wintoniensi

375 3918 470 3980 super
491 3897 552 3960 huc
571 3916 606 3959 re
628 3894 731 3977 magis
750 3892 916 3977 placuerit,
932 3892 995 3958 hoc
1014 3893 1146 3959 domino
1162 3914 1253 3977 pspae
1271 3912 1330 3975 per

374 3998 484 4062 omnis
498 3996 688 4082 displicebit.
731 3996 979 4074 liscamcnsem,
996 3996 1220 4072 Hulmensem,
1234 3994 1328 4057 illum

375 4101 416 4167 de
434 4102 663 4167 westmustier
687 4099 780 4163 illum
805 4098 952 4183 depulsat
975 4098 1126 4163 dominus
1145 4118 1238 4181 pape,
1258 4098 1325 4181 jem

372 4205 660 4270 nuncmultscum
670 4202 904 4287 indignatione,
913 4210 946 4267 ct
956 4201 1125 4266 severitate
1133 4200 1326 4283 reprobavit.

373 4309 499 4373 Vslete.
