3225 5192
400 654 466 719 260
712 671 871 717 ornsrnrr
888 670 1041 715 srsscorr

400 798 524 878 portem
551 788 766 866 concedimus,
791 795 825 853 ct
849 787 982 872 insuper
1007 787 1047 851 de
1077 788 1211 851 Domini
1239 788 1354 851 confisi

399 892 624 971 misericordia,
650 890 804 957 confessis
831 890 872 954 de
896 890 1089 974 pocnitcntin
1118 912 1186 970 suo,
1213 912 1256 955 n
1284 891 1354 954 dics

400 998 590 1063 relaxemus.
621 995 737 1060 Vsiete
752 994 788 1057 in
803 993 942 1059 Christo.

529 1526 749 1591 EPIS'I'OLA
771 1526 1079 1592 cmm-sn
1095 1544 1239 1588 sososss.

409 1720 447 1781 G.
463 1718 525 1781 Dei
542 1720 651 1800 oratio
670 1717 894 1781 mmmmm
915 1719 1081 1797 epsicopus,
1101 1716 1223 1779 dilectis
1243 1714 1304 1777 sios·
1324 1716 1360 1777 in

450 1822 593 1899 Domino,
607 1821 758 1884 eninm
771 1824 886 1883 sancte
899 1820 1011 1883 moisio
1025 1819 1158 1883 ecclesio
1169 1816 1261 1899 filiis,
1276 1817 1359 1879 scits·

451 1929 510 1988 tem
523 1925 558 1988 io
572 1924 714 1987 Domino.

450 2106 579 2172 Nonou
604 2113 718 2172 vestrae
740 2106 877 2171 fecimus
900 2106 1036 2185 caritati,
1059 2107 1197 2169 lotorem
1222 2124 1361 2187 presen-

408 2210 491 2274 tium
516 2210 556 2273 R.
581 2230 601 2273 a
622 2209 855 2294 predecessore
879 2216 991 2274 nostro
1014 2208 1108 2273 bonoe
1133 2207 1296 2272 memorio
1319 2206 1359 2269 B„

408 2310 629 2375 londoniensi
644 2310 807 2395 quondam
824 2312 982 2395 episcopo,
998 2311 1040 2374 sd
1059 2310 1197 2394 gradum
1216 2309 1360 2373 socerdo-

408 2414 447 2479 tii
468 2420 662 2498 promotum,
681 2413 805 2497 inipso
824 2414 1010 2497 episcopatu
1029 2413 1086 2477 diu
1104 2413 1312 2490 ministrsssc,
1328 2417 1363 2474 et

408 2523 505 2601 prout
527 2514 715 2581 sacerdotali
729 2517 880 2600 congruit
897 2517 1010 2595 officio,
1026 2516 1124 2599 digne
1138 2522 1363 2579 conversatum

410 2618 518 2683 iirissc.
563 2618 670 2685 Quem
686 2640 760 2683 cum
779 2618 815 2682 in
834 2626 942 2702 portes
960 2626 1085 2683 exteras
1103 2617 1213 2682 trnhst
1227 2618 1269 2681 ed
1283 2638 1363 2700 prae·

411 2742 485 2785 sens
505 2721 619 2786 oborta
637 2720 822 2800 necessitas,
836 2721 895 2785 hos
915 2720 979 2785 sibi
997 2720 1192 2785 dimissoriss
1210 2720 1364 2783 ordinati-

412 2824 483 2888 onis
498 2829 531 2887 et
546 2822 725 2888 honestetis
748 2844 825 2902 susc,
841 2823 925 2887 dstoe
939 2823 1038 2887 etism
1052 2822 1115 2887 sibi
1128 2844 1149 2887 o
1162 2822 1257 2887 nobis
1272 2821 1363 2887 dcce-

412 2925 510 2989 dendi
531 2925 670 2990 licentiis
691 2932 791 2991 testes
813 2926 1048 3004 concessimus3
1071 2926 1197 2990 dilectoe
1215 2925 1308 2989 nobis
1329 2924 1365 2987 in

413 3028 555 3092 Domino
569 3027 795 3094 benivolentise
809 3036 923 3093 vestre
942 3049 1052 3112 preces
1072 3028 1246 3093 affectuose
1264 3026 1364 3111 porri-

414 3137 537 3211 gentes,
553 3130 705 3212 quatinus
720 3130 761 3195 ob
777 3131 878 3195 divini
891 3131 1103 3196 reverentiam
1120 3131 1243 3215 ordinis
1260 3130 1365 3214 ipsum

411 3232 448 3294 in
463 3253 527 3314 quo
541 3232 684 3296 locorum
698 3233 822 3298 venerit
835 3233 924 3298 inter
937 3255 992 3299 vos
1011 3234 1048 3297 in
1066 3234 1200 3298 emitote
1214 3231 1364 3316 suscipio·

412 3334 465 3413 tis,
481 3342 514 3399 et
527 3334 684 3400 honorem
699 3357 797 3421 quem
813 3336 946 3401 Domini
966 3336 1121 3400 ministris
1135 3336 1285 3401 exhibere
1294 3336 1363 3418 jus-

411 3446 484 3501 tum
506 3446 564 3517 cst,
580 3439 642 3504 sibi
663 3440 910 3506 misericorditer
928 3442 1134 3524 impendatis.
1178 3442 1293 3506 Volero
1307 3462 1364 3505 vos

413 3548 561 3622 optamus
575 3542 611 3605 in
627 3542 779 3607 Domino.
