3225 5192
253 726 320 769 an.
337 700 535 784 nea-oa]
586 716 798 764 snoossnnin
814 714 991 762 smmum.
1163 700 1206 761 79

248 839 370 927 judicio
392 839 515 916 sistere,
530 842 668 918 urgente
690 834 790 900 etiam
811 833 1003 898 neoessitute
1022 832 1204 917 compellar.

251 946 340 1027 Agat
362 964 439 1025 ergo
460 940 605 1025 pontifex
628 938 727 1022 digua
747 937 957 1021 pontifice,et
977 934 1099 1020 siquid
1120 936 1207 1001 inter

252 1048 334 1112 filios
354 1067 429 1110 suos
449 1044 516 1109 litis
536 1050 593 1107 aut
611 1041 835 1107 controversie
848 1048 975 1105 motum
989 1048 1048 1119 est,
1064 1040 1106 1104 ad
1119 1041 1207 1125 pacis

253 1157 376 1216 statum
389 1148 516 1231 redigat
530 1146 687 1210 universa.
718 1144 868 1209 Deoimas
883 1165 903 1208 a
917 1143 1048 1209 domino
1058 1144 1206 1209 Leofrieo

252 1253 438 1337 repetimus,
462 1249 579 1334 quibus
607 1248 760 1313 investita
783 1248 847 1312 fuit
872 1246 1005 1313 ecelesia
1028 1254 1150 1327 nostru,
1173 1255 1207 1312 et
1252 1310 1258 1319 ,

254 1355 375 1439 absque
394 1354 518 1439 judicio
542 1352 686 1437 spoliata.
732 1352 868 1416 deonna
889 1351 1016 1435 grevius
1041 1358 1092 1415 est
1112 1351 1207 1415 amit-

254 1465 323 1524 tere
352 1478 423 1541 quae
442 1456 572 1541 justitia
595 1454 713 1539 repetit
738 1454 919 1519 manifesta
964 1454 1091 1519 Caetere
1114 1454 1210 1538 juxta

255 1560 341 1645 quod
363 1560 444 1624 dixit
465 1558 554 1624 vobis
568 1558 718 1622 dominus
733 1558 755 1620 J
756 1557 909 1637 ocelinus,
924 1557 1127 1642 beneplacito
1139 1580 1208 1623 ves·

254 1670 306 1728 tro
320 1662 572 1727 committemus.
603 1661 727 1743 Vigilet
741 1661 811 1725 haeo
825 1660 911 1724 eirea
929 1661 1029 1744 patris
1048 1668 1082 1726 et
1101 1669 1207 1745 pasto-

255 1764 299 1830 ris
319 1764 481 1843 affectum,
499 1771 538 1830 nt
558 1784 578 1829 a
599 1759 673 1828 filiis
693 1762 855 1848 condigno
873 1763 999 1843 merito,
1017 1768 1051 1829 et
1071 1764 1208 1849 gratiam

256 1873 397 1953 reportet
412 1874 445 1932 et
460 1866 635 1932 servitium.
665 1864 791 1931 Vulete.

274 2168 496 2237 EPISTOLA
518 2170 720 2236 LXIL-an
735 2188 930 2235 socsuiunu
947 2162 1193 2236 adunassemu-

593 2293 660 2337 ιιι
676 2292 876 2338 nsiscosuu.

260 2426 354 2489 Petri
385 2446 441 2491 sao
477 2431 508 2489 et
544 2425 666 2489 domino
695 2426 728 2491 J.
753 2425 974 2489 Sekebeieaei
1005 2427 1068 2489 Dei
1100 2428 1209 2510 pretia

303 2528 454 2611 miscepo,
482 2526 592 2611 frater
627 2532 665 2593 G.
692 2528 794 2593 dictae
827 2529 922 2592 abbas
958 2530 1145 2610 Gboceatriae,
1179 2539 1210 2597 et

305 2632 429 2695 Mmilie
448 2632 581 2696 eceleeioe
601 2630 683 2695 beati
702 2632 793 2695 Petri
815 2638 988 2711 eunomiae,
1003 2633 1040 2695 id
1060 2633 1211 2699 modicum
1279 2692 1283 2699 .

305 2734 389 2821 quod
400 2740 482 2815 eunt,
497 2740 528 2798 et
543 2732 712 2799 devotionis
726 2734 880 2818 obsequie,
894 2736 924 2799 si
937 2756 999 2818 quo
1007 2743 1149 2818 poenieat.

304 2888 360 2951 An
384 2908 450 2966 vos,
477 2886 592 2953 dilecte
621 2886 761 2969 domine,
788 2886 916 2973 jamdiu
943 2896 1055 2954 nostra
1085 2890 1214 2973 querele

262 2990 385 3076 perlata
403 2996 463 3070 est,
481 2990 534 3055 oui
556 2990 583 3055 si
605 2990 751 3056 noudum
774 2991 923 3057 subvenit
944 2992 1057 3077 pietas,
1072 3014 1093 3058 a
1106 3000 1213 3059 vestra

262 3100 373 3159 tamen
393 3092 619 3159 benevolentia
640 3100 752 3160 nostre
772 3116 841 3161 non
862 3096 1010 3180 desperat
1035 3096 1210 3163 humilitas.

264 3198 361 3263 Unde
383 3198 542 3281 angariati
564 3205 597 3263 et
620 3198 729 3263 affiioti
750 3198 937 3283 plurimum,
956 3198 998 3265 ud
1018 3222 1074 3267 vos
1094 3200 1213 3267 iterato

262 3302 466 3383 recurrimus,
477 3302 596 3368 nostris
611 3322 706 3386 opem
720 3302 797 3366 ferri
811 3310 979 3387 poscentes
990 3304 1212 3387 incommodis,

265 3412 297 3471 et
314 3406 468 3491 juvamen
486 3403 697 3469 denimentis.
742 3404 832 3469 Nam
848 3405 924 3489 quia
937 3402 1027 3469 vobis
1046 3406 1214 3490 conquesti

265 3528 386 3588 sumus,
396 3508 491 3573 solito
501 3508 605 3592 magis
616 3506 796 3592 affligimur,
807 3514 842 3573 et
853 3508 929 3591 quia
936 3530 997 3573 nos
1008 3510 1049 3574 de
1057 3531 1212 3595 conques-

263 3610 353 3677 tione
372 3618 484 3676 nostro
501 3610 584 3675 nihil
603 3618 660 3677 aut
678 3630 793 3697 parum
808 3612 1013 3677 considerant
1033 3614 1213 3698 profecisse,

264 3716 334 3800 ipse
350 3714 545 3799 impunitate
563 3736 623 3779 sua
641 3716 766 3795 armati,
781 3737 841 3780 nos
855 3716 943 3782 velut
958 3718 1117 3801 expositos
1131 3718 1214 3783 arbi·

264 3826 403 3898 tuentur,
427 3824 460 3883 et
484 3817 545 3883 sibi
570 3824 687 3883 uineta
711 3818 807 3883 liuere
828 3819 865 3881 in
886 3839 955 3894 nos,
975 3818 1063 3883 velut
1084 3840 1105 3884 a
1125 3818 1214 3885 vobis

266 3925 405 4009 quadam
434 3925 511 3989 date
538 3924 669 3989 licentia
697 3924 885 4007 gloriantm.
938 3924 1037 3989 Unde
1064 3946 1216 4010 rogamus

266 4029 442 4107 humiliter,
466 4048 536 4111 ego,
560 4027 647 4112 quod
670 4026 802 4111 quidem
823 4048 938 4111 parum
964 4034 1023 4108 est,
1048 4035 1081 4093 et
1103 4051 1215 4095 omnes

266 4132 381 4197 frames
392 4131 505 4209 nostri,
518 4130 604 4215 quod
618 4129 767 4214 equidem
782 4151 938 4213 magnum
953 4138 1011 4211 est,
1026 4136 1065 4195 ut
1079 4140 1216 4217 nostras,

268 4235 294 4298 si
315 4234 431 4319 placet,
452 4253 520 4297 non
541 4232 750 4317 parvipendas
771 4232 916 4317 injurias,
936 4234 995 4298 sed
1012 4234 1106 4300 nobis
1129 4234 1218 4299 exhi·

266 4337 374 4403 beudo
384 4336 557 4421 justitiam,
568 4343 710 4401 vestrum
724 4343 762 4402 ut
777 4335 914 4420 dignum
928 4344 988 4417 est,
1003 4335 1218 4401 ministerium
