3225 5192
425 670 491 734 258
734 686 896 731 ultum
914 686 1066 731 rrrseon

426 804 468 870 de
488 802 676 882 Iedeberie,
690 802 847 886 magistro
862 800 1010 867 Gnlffido
1030 800 1071 867 de
1090 801 1243 881 Cliforde,
1264 804 1379 886 magis

426 914 478 973 tro
492 907 638 972 Waltero
659 903 699 969 de
719 904 851 988 Ardep'.
868 906 997 987 Rogero
1019 904 1060 969 de
1081 904 1237 984 Burkell',
1254 908 1381 989 Rogero

427 1010 493 1076 filio
508 1008 670 1087 Msuricii,
687 1007 860 1091 Rudulpho
874 1007 1038 1090 scriptore.

537 1664 759 1731 EPISTOLA
781 1662 1109 1728 ommi-sn
1124 1684 1270 1728 noenum.

432 1856 471 1918 G.
487 1854 548 1919 Dei
566 1852 674 1935 pratia
696 1849 920 1913 madeniensis
941 1849 1110 1931 epiecopus,
1126 1850 1248 1913 dilectis
1267 1851 1330 1913 eos
1347 1852 1380 1915 is

472 1957 604 2020 Domim
619 1952 780 2035 fratribus
802 1951 954 2014 miserete
978 1956 1094 2014 sancte
1117 1951 1230 2013 maon
1250 1952 1382 2014 ecclesie

465 2058 556 2140 filiis,
571 2059 712 2135 salutem,
724 2055 874 2137 pretinm,
891 2059 922 2118 et
937 2053 1184 2117 benedictionem·

472 2240 576 2305 Inrss
600 2238 762 2305 amicabili
786 2240 852 2303 fine
877 2239 1008 2324 sopitas,
1030 2244 1112 2303 tunc
1135 2237 1267 2303 demum
1289 2239 1383 2323 plene

428 2350 558 2410 constet
583 2342 739 2427 extingui,
766 2363 868 2427 quum
896 2342 1062 2426 pactiones
1086 2340 1129 2405 ob
1157 2362 1271 2426 pacem
1297 2342 1383 2409 inter

429 2454 537 2533 partes
558 2447 649 2511 inite
671 2454 704 2511 et
726 2446 890 2530 utrimque
911 2466 1079 2522 concessae,
1101 2466 1224 2525 eorum,
1246 2466 1382 2530 quorum

429 2551 464 2615 id
490 2551 530 2616 de
552 2552 626 2636 jure
649 2552 757 2615 firmet
781 2549 966 2628 auctoritas,
988 2550 1194 2633 excipiuntur
1215 2548 1325 2628 literis,
1349 2556 1381 2613 et

430 2654 544 2739 sigillis
572 2652 767 2719 roborantur
795 2652 959 2737 opponitis.
1004 2653 1103 2717 Unde
1130 2654 1382 2719 transactionem

429 2756 517 2823 inter
541 2755 757 2822 venerabilem
781 2754 916 2821 fratrem
942 2762 1092 2821 nostrum
1116 2742 1168 2821 le‘
1184 2755 1252 2821 Pic'
1278 2756 1379 2821 erebi·

432 2860 604 2925 diaconum
627 2865 661 2924 et
684 2858 725 2923 A.
751 2858 904 2923 clericum
925 2878 1023 2942 super
1043 2857 1177 2923 ecclesis
1201 2858 1243 2923 de
1264 2858 1381 2924 Midel-

430 2968 519 3042 tone,
545 2982 653 3028 coram
679 2960 774 3026 nobis
798 2961 916 3025 initum
941 2970 974 3025 et
998 2961 1164 3045 utrimque
1188 2983 1381 3041 conoessum,

430 3065 557 3130 notities
580 3064 744 3129 communi
767 3062 921 3147 presenti
944 3064 1064 3148 scripto
1088 3063 1238 3147 delegere
1261 3066 1382 3129 curavi·

431 3187 514 3245 mus,
529 3173 568 3229 nt
581 3166 729 3230 redivivae
747 3166 816 3229 litis
834 3166 870 3229 in
888 3171 1064 3251 posterum,
1079 3167 1281 3232 occasionem
1298 3168 1383 3233 inter

432 3289 487 3334 eos
506 3288 637 3333 omnem
656 3268 787 3353 penitus
806 3275 1022 3353 amputemus.
1065 3270 1250 3335 Alexander
1263 3272 1380 3355 itaque,

432 3370 489 3456 qui
510 3370 552 3436 ed
572 3372 806 3456 possessionem
828 3372 968 3438 eecleeiae
987 3371 1029 3438 de
1047 3373 1232 3439 Mideltons
1251 3396 1382 3457 recupe-

431 3472 568 3539 randum
592 3474 784 3539 auctoritate
809 3475 977 3540 literarum
1001 3475 1124 3541 domini
1146 3498 1237 3561 pepae
1260 3498 1382 3561 meses»

432 3575 554 3640 corium
578 3575 779 3657 intendebat,
805 3577 1022 3643 intentionem
1046 3578 1132 3643 hene
1157 3600 1266 3644 corum
1290 3579 1383 3644 nobis

431 3677 595 3757 omittens,
625 3679 792 3743 ecclesium
820 3679 924 3764 ipsam
953 3681 995 3745 de
1023 3682 1215 3761 Mideltons,
1243 3703 1315 3766 qnae
1342 3682 1385 3746 sd

431 3780 637 3865 prebendam
652 3782 842 3847 venerabilis
856 3783 965 3848 fretris
983 3785 1087 3850 nostri
1104 3786 1175 3870 jem
1188 3784 1268 3850 dicti
1282 3784 1383 3850 srcbi·

432 3883 559 3951 diaconi
573 3906 669 3969 quem
685 3886 721 3949 in
736 3886 870 3951 ecclesie
884 3886 1105 3952 lincolniensi
1120 3887 1240 3953 bebere
1254 3888 1384 3971 dignos·

432 3986 517 4051 citur
535 3986 719 4053 indubitate
738 3987 890 4073 pertinet,
911 3988 982 4073 ejus
1001 4011 1036 4055 se
1055 3990 1096 4055 de
1115 3996 1233 4057 eaetero
1253 3989 1384 4055 nomine

432 4091 617 4177 quindecim
653 4114 836 4158 marcarum
872 4093 1028 4178 pensione
1064 4096 1127 4180 ipsi
1161 4095 1384 4161 archidiacono

431 4194 587 4278 quamdiu
607 4196 848 4278 praeuominetae
870 4198 1052 4282 prsebendce
1072 4200 1246 4265 canonicum
1267 4200 1384 4265 extite-

430 4297 484 4375 rit,
505 4295 675 4361 aunuatim
698 4297 850 4364 solvende
872 4309 905 4365 et
929 4303 1098 4387 suscipere,
1121 4310 1155 4367 et
1176 4309 1287 4369 tenere
1308 4324 1384 4368 eon·
