3225 5192
310 706 376 751 aa.
389 685 585 769 nte-61]
635 704 914 750 naamonumnsrs
928 704 1105 752 mancum.
1198 688 1257 752 131

338 1020 558 1086 EPISTOLA
581 1020 844 1085 Cve-aornar
860 1042 1063 1088 excurrens
1078 1043 1231 1087 errscorr

590 1145 636 1189 so
653 1146 836 1190 nuannrnn
852 1146 980 1192 rursu.

309 1280 561 1343 Revnndiscimo
576 1284 607 1342 et
620 1280 816 1351 semihomo
831 1280 953 1345 domim
968 1287 999 1345 et
1014 1282 1107 1362 patri
1122 1280 1263 1363 Eapeaio

350 1402 466 1447 summo
481 1381 635 1465 pontifici,
651 1382 691 1445 R.
709 1382 768 1445 Dei
786 1384 897 1466 pratia
917 1383 1115 1463 Eoeordmrcis,
1137 1385 1264 1447 humilis

352 1486 518 1567 episcopua
543 1490 574 1548 et
601 1484 780 1547 sanctitatis
807 1491 1056 1565 castraserras,
1081 1488 1263 1551 salutemet

352 1587 487 1651 aarum
502 1608 569 1651 cam
585 1588 667 1651 omni
682 1586 841 1651 motione
855 1588 1068 1653 obedientium.

353 1754 497 1819 Rouana
510 1752 703 1819 venerabilis
717 1754 825 1819 fratris
839 1755 942 1819 nostri
962 1759 996 1819 ct
1015 1754 1110 1820 amici
1125 1754 1266 1820 Gilberti

311 1855 568 1922 Herefordiensis
587 1856 735 1936 ecclesiae,
757 1864 790 1922 et
812 1858 1045 1922 monachorum
1065 1858 1264 1937 Glocestriae,

310 1968 343 2026 et
375 1962 514 2025 maxime
548 1984 606 2047 pro
634 1963 770 2028 veritate
803 1962 1050 2042 manifestanda,
1081 1964 1264 2047 scripsimus

309 2064 440 2129 domino
460 2064 684 2130 cantuariensi
708 2064 954 2151 archiepiscopo,
977 2066 1159 2148 apostolieae
1180 2067 1265 2131 sedis

310 2169 427 2252 legato,
441 2168 609 2232 veritatem
630 2190 728 2252 quam
747 2169 866 2234 scimus
890 2169 930 2234 de
946 2170 1089 2253 Hugone
1104 2170 1266 2249 decores,

310 2278 343 2335 et
368 2271 505 2336 eandem
527 2270 617 2335 vobis
640 2272 819 2337 eorundem
842 2280 960 2357 rogatu
980 2273 1138 2337 veraciter
1156 2273 1266 2338 scribi·

310 2394 392 2439 mus.
424 2374 560 2453 Relicto,
572 2381 611 2438 ut
625 2374 815 2453 audivimus,
826 2376 1054 2440 canonicorum
1064 2376 1262 2458 regularium

310 2477 433 2556 ordine,
449 2485 487 2542 ut
502 2498 562 2561 pro
576 2486 664 2541 certo
684 2477 844 2557 scivimus,
860 2478 946 2562 apud
964 2500 1024 2542 nos
1042 2478 1187 2542 inclusus
1201 2480 1266 2543 fac-

310 2590 375 2659 tus,
390 2602 457 2645 non
471 2580 608 2666 qualiter
621 2581 775 2646 vellemus
796 2582 882 2664 apud
899 2603 959 2646 uos
977 2589 1183 2646 conversatus
1205 2590 1265 2649 est.

311 2684 360 2749 Ut
375 2685 462 2750 enim
478 2684 519 2749 de
534 2685 658 2749 caeteris
671 2692 846 2762 taceamus,
861 2684 903 2749 de
916 2684 1155 2749 incontinentia
1168 2684 1266 2748 ctiam

310 2790 396 2875 apud
409 2791 523 2873 vulgus
538 2790 713 2855 infamatus
728 2798 786 2869 est,
801 2798 836 2855 et
852 2813 919 2855 non
935 2790 1097 2855 immerito
1112 2798 1150 2855 ut
1164 2791 1264 2855 medi-

311 2914 393 2958 mus.
437 2893 582 2957 Clericus
596 2914 736 2977 namque
747 2894 843 2978 juxta
856 2895 948 2977 cujus
963 2894 1129 2958 ecclesiam
1151 2894 1266 2958 cellam

311 2995 461 3073 habebat,
476 3002 515 3058 ut
537 2995 659 3075 asserit,
675 2996 886 3081 deprehendit
901 3016 976 3060 cum
997 3016 1036 3060 eo
1051 2995 1088 3059 in
1105 2995 1186 3059 cella
1207 3016 1267 3059 sua

311 3098 543 3185 mulierculam,
559 3120 631 3182 quae
645 3120 702 3182 per
716 3098 891 3163 fenestram
905 3099 995 3163 cellae
1013 3098 1056 3161 ad
1074 3118 1151 3163 eum
1164 3095 1266 3161 intro-

312 3202 402 3282 ierat,
418 3209 452 3266 et
467 3201 543 3285 quia
561 3221 630 3266 non
651 3210 721 3266 erat
738 3202 820 3265 alius
839 3202 993 3266 introitus
1007 3200 1058 3265 vel
1077 3200 1192 3280 exitam,
1208 3220 1266 3283 per

312 3305 448 3370 eundem
478 3305 584 3369 exivit.
644 3304 751 3371 Quam
782 3326 883 3388 quum
912 3325 1008 3389 super
1032 3304 1186 3369 introitus
1216 3302 1266 3367 sul

313 3428 408 3473 causa
434 3408 628 3486 conveniret,
652 3408 736 3471 nihil
758 3408 962 3487 conveniens,
985 3408 1067 3471 nihil
1092 3408 1265 3472 honestum

313 3511 504 3594 respondere
529 3509 644 3593 potuit.
691 3511 764 3574 Hac
787 3509 888 3594 igitur
911 3510 981 3594 ejus
1000 3509 1206 3574 inhonestate
1231 3516 1264 3573 et

189 3632 194 3641 ·
312 3612 456 3691 Manain,
486 3612 561 3676 licet
590 3612 631 3675 ad
659 3612 721 3677 hoc
750 3634 877 3695 magnae
905 3613 1085 3678 honestatis
1110 3622 1143 3677 et
1171 3612 1266 3677 Mure

313 3717 407 3781 famae
425 3715 484 3779 viri
505 3716 647 3779 mmmm
667 3716 861 3796 studuerint,
882 3738 1050 3800 nunquam
1069 3714 1111 3779 ad
1132 3716 1267 3799 plenum

313 3820 434 3897 sedata,
461 3818 627 3883 multoties
653 3820 779 3884 volebat
803 3842 823 3885 a
844 3821 927 3885 cella
951 3820 1130 3911 suacxire,
1160 3827 1194 3883 et
1215 3839 1265 3882 se·

314 3924 421 3987 cundo
437 3922 501 3987 'hoc
522 3923 618 3986 etiam
640 3923 804 4006 religionis
826 3924 989 4008 proposito
1011 3924 1133 4002 relicto,
1155 3942 1267 3986 mona·

314 4026 438 4089 chalem
462 4025 608 4089 ordinem
633 4046 667 4091 se
689 4027 770 4091 velle
795 4028 926 4091 simula
951 4026 1068 4091 subire.
1114 4026 1158 4090 Et
1179 4032 1267 4089 certe
1365 4026 1368 4033 '

314 4129 389 4193 licet
403 4128 613 4193 honestorum
634 4135 667 4193 ct
682 4128 905 4211 religiosorum
917 4128 1059 4193 virorum
1079 4128 1215 4192 honesta
1234 4132 1268 4188 et

315 4230 463 4313 religiosa
477 4230 632 4294 violentia
649 4230 705 4295 diu
723 4230 885 4310 detentu,
899 4230 1033 4295 tandem
1052 4228 1174 4311 absque
1193 4247 1270 4289 con·

316 4330 455 4402 minutia
465 4340 499 4398 et
514 4333 645 4397 mutia
660 4341 780 4413 nostra,
791 4354 859 4398 non
872 4344 1014 4417 parram,
1026 4338 1066 4395 ut
1080 4328 1271 4409 audirimus,

764 4456 786 4498 n
802 4438 823 4497 2
