3225 5192
400 712 467 777 ato
715 728 877 775 ornanum
894 728 1045 775 nrrscorr

400 866 510 929 regem
525 864 596 929 spes
607 844 677 929 jam
691 844 822 909 uberior
835 851 1013 929 appareret,
1029 852 1064 910 et
1077 845 1215 909 certiora
1236 845 1358 911 devoti·

399 946 471 1012 onis
497 946 567 1029 ejus
592 954 785 1030 argumenta
811 946 1032 1012 clarescerent.
1077 948 1241 1013 Praeterea
1264 956 1298 1014 et
1322 949 1358 1013 id

399 1048 550 1115 duximus
564 1048 788 1127 metuendum,
799 1070 844 1114 ne
856 1050 958 1133 legati
971 1050 1075 1115 nostri
1089 1050 1265 1116 diseesm
1279 1072 1356 1117 nos-

397 1158 487 1217 trum
501 1151 664 1215 incorum
678 1158 902 1236 contemptum
921 1158 955 1217 et
973 1152 1127 1237 iujuriam
1140 1154 1212 1217 fieri
1234 1154 1357 1238 aliqua·

397 1260 494 1319 tenus
510 1252 718 1332 aestimarent,
734 1258 767 1317 et
787 1251 824 1316 in
843 1274 949 1318 cauare
962 1260 1082 1319 nostroe
1096 1253 1355 1337 desperationem

397 1356 508 1440 fugam
537 1356 838 1440 interpretarentur.
891 1354 991 1420 Unde
1018 1357 1139 1421 normis
1167 1356 1275 1421 visum
1302 1365 1354 1423 est

396 1481 464 1525 uon
488 1458 705 1542 expedirent
730 1458 776 1522 eis
798 1458 991 1523 inconsultis
1016 1458 1124 1542 uliquo
1145 1457 1352 1539 divertamus,

397 1583 471 1628 cum
486 1568 616 1646 propter
631 1582 700 1639 nos,
715 1566 753 1625 ut
768 1560 896 1639 dicitur,
908 1582 963 1626 eos
978 1582 998 1625 a
1011 1561 1112 1626 latere
1127 1583 1186 1626 suo
1200 1562 1351 1627 domiuus

395 1686 479 1749 papa
499 1664 723 1729 transmiserit.
767 1664 880 1729 'l'erret
894 1686 954 1729 uos
970 1685 1097 1748 quoque
1112 1663 1283 1730 difficultas
1297 1666 1350 1730 iti·

394 1768 491 1847 neris,
502 1774 537 1833 et
551 1788 623 1850 quse
637 1766 918 1851 peregrinantibus
934 1767 1108 1831 imminent
1126 1768 1272 1851 pericula
1288 1788 1349 1834 uos

393 1872 430 1939 in
451 1892 487 1937 rc
508 1872 572 1937 ista
592 1870 769 1955 plurimum
782 1869 931 1935 vacillare
944 1870 1154 1953 compellunt.
1200 1868 1348 1956 Concep-

393 1982 466 2040 tnm
485 1982 596 2039 tamen
616 1973 812 2039 desiderium
831 1993 943 2037 curam
957 1992 1087 2037 omnem
1102 1974 1227 2039 timoris
1242 1975 1349 2039 exclu-

392 2077 493 2155 deret,
520 2078 548 2141 si
577 2076 719 2141 laborem
745 2077 835 2141 huuc
859 2076 1086 2161 quoquomodo
1112 2078 1179 2141 mei
1206 2078 1348 2161 corporis

391 2179 594 2245 imbecillitas
616 2177 773 2243 infirmita
792 2178 952 2243 smtinere
972 2179 1141 2245 sufficeret.
1187 2177 1247 2245 Nil
1260 2180 1349 2245 enim

390 2280 538 2364 estquod
552 2287 662 2365 optem
677 2281 824 2365 amplius,
835 2280 923 2365 quod
936 2280 1172 2347 desiderantius
1186 2282 1347 2362 affectem,

390 2404 489 2467 quam
518 2382 649 2449 domiuo
677 2404 768 2467 papae
797 2403 938 2466 presens
968 2383 1116 2448 assistere
1147 2383 1281 2469 ipsoque
1311 2392 1346 2449 et

389 2486 480 2553 ouria
493 2492 606 2551 sancta
619 2492 778 2569 praesente
791 2485 873 2549 milri
888 2484 1104 2565 detrahentes,
1120 2492 1155 2551 et
1168 2487 1250 2551 lnlsa
1268 2508 1345 2570 sug·

388 2596 538 2673 gerentes
552 2588 721 2653 adversum
735 2608 798 2666 me,
813 2586 850 2651 in
864 2588 933 2671 ejus
948 2588 1005 2671 qui
1020 2588 1137 2653 veritas
1155 2594 1206 2653 est
1223 2589 1345 2655 virtute

387 2690 543 2757 refellere.
585 2690 682 2757 Quod
697 2688 829 2754 effectui
841 2690 1026 2773 mancipare
1039 2690 1152 2755 crebro
1167 2698 1344 2775 merentes,

387 2815 514 2879 semper
532 2801 644 2859 tamen
663 2792 866 2857 necessitatis
886 2792 1024 2875 alicujus
1044 2791 1176 2875 objectu
1197 2792 1344 2858 substiti·

386 2918 470 2976 runs,
492 2917 582 2961 nunc
601 2916 676 2961 vero
698 2894 859 2985 senectuti
880 2894 1002 2959 sociata
1021 2895 1186 2978 compellit
1206 2894 1344 2961 iufirmi-

385 3005 447 3079 tas,
471 3006 508 3065 ut
530 2999 607 3064 licet
630 3006 778 3082 optemus
798 2996 952 3081 judicem,
975 2996 1038 3080 ipsi
1060 3005 1172 3062 tamen
1194 2998 1343 3065 assistere

384 3102 577 3167 necessitate
605 3100 776 3183 multiplici
806 3099 1021 3182 desperemus.
1070 3098 1169 3164 Unde
1197 3106 1340 3166 vestram

384 3204 561 3271 instantius
580 3222 749 3267 moremus
768 3200 1029 3279 sollicitudiuem,
1043 3208 1082 3267 ut
1101 3222 1162 3284 ope
1180 3208 1288 3267 vestra
1305 3208 1341 3267 et

383 3328 481 3391 opere
494 3306 623 3390 plenam
637 3302 732 3369 nobis
746 3304 884 3387 gretiam
899 3303 1050 3368 domiuus
1063 3325 1148 3388 papa
1160 3303 1337 3388 impertiet,

383 3416 417 3473 et
430 3406 631 3491 prelibatum
645 3404 841 3471 beneficium
855 3405 897 3472 ad
909 3405 1090 3489 perlectum
1102 3404 1197 3470 uobis
1211 3412 1339 3489 aposto·

381 3508 444 3573 lica
456 3509 590 3575 tandem
604 3508 855 3573 mansuetudine
874 3507 972 3573 simul
990 3515 1024 3573 et
1044 3506 1251 3572 miseratione
1264 3527 1337 3591 per·

382 3610 490 3675 ducat.
527 3610 656 3675 Nuntio
670 3630 744 3675 vero
758 3616 872 3677 nostro
886 3610 1035 3695 quadum
1048 3609 1138 3675 vobis
1151 3608 1336 3675 intimando

380 3712 608 3791 commisimus,
618 3732 715 3796 quem
729 3732 843 3795 precor
856 3710 1014 3777 attentius
1028 3708 1177 3789 audistis,
1188 3716 1222 3775 et
1236 3710 1335 3775 tidem

380 3814 431 3881 his
446 3836 518 3899 que
530 3815 730 3901 proposuerit
744 3814 901 3879 habeatis.
938 3814 1057 3881 Valere
1071 3834 1126 3878 vos
1139 3811 1176 3877 in
1191 3812 1332 3881 Domino

380 3923 528 4003 optamus
542 3917 715 3983 carissime.
