3225 5192
225 697 295 740 sn.
314 675 512 759 nso-ea]
562 695 775 741 emersurum
790 675 969 742 ienisronn.
1135 681 1178 742 46

224 813 360 878 domum
374 819 523 891 vestrm,
546 834 566 876 a
586 811 676 877 vobis
698 811 811 878 habita
831 819 866 878 et
887 811 1032 879 exhibita
1052 815 1189 896 caritas,

225 924 263 980 ut
279 916 366 999 qnod
376 915 523 980 nondum
538 915 709 999 praesentia
720 917 876 1000 corporali
890 914 1063 1000 potuimus,
1075 917 1179 982 missis

226 1021 341 1084 saltem
375 1019 476 1083 literis
510 1039 566 1083 vos
598 1017 686 1083 ultra
719 1018 849 1083 visitare
881 1040 950 1084 non
983 1019 1178 1086 differamus.

227 1125 358 1190 Gratias
377 1125 478 1210 igitur
490 1133 604 1192 vestrae
623 1147 680 1210 per
694 1126 803 1190 omnia
821 1126 996 1192 referentes
1016 1127 1181 1192 sanctitati

226 1250 286 1293 nos
318 1229 408 1294 vobis
443 1230 480 1294 in
516 1228 626 1294 omnia
661 1230 766 1314 gratia
801 1229 960 1315 spirituali
994 1231 1180 1315 profitemur

227 1331 392 1412 obnoxios,
405 1334 461 1416 qui
475 1339 509 1398 et
524 1332 564 1398 de
574 1333 669 1398 vobis·
676 1334 745 1416 jam
760 1332 818 1396 diu
831 1332 916 1398 bene
930 1353 1057 1417 sperare
1072 1334 1180 1418 caepis·

226 1435 277 1515 tis,
295 1443 330 1500 et
345 1437 431 1520 quod
453 1435 489 1500 in
507 1435 599 1500 donis
620 1457 783 1500 summum
798 1443 848 1500 est
862 1444 896 1500 et
910 1437 1107 1521 praecipuum
1121 1459 1181 1503 nos

226 1537 389 1622 profectus
403 1537 501 1602 vestri
522 1546 555 1602 et
577 1538 768 1603 incrementi
790 1537 964 1622 spiritualis
985 1539 1022 1602 in
1040 1539 1181 1604 Domino

226 1641 398 1726 participes
420 1662 488 1706 esse
502 1641 656 1705 voluistis.
701 1642 790 1706 Nam
813 1649 936 1725 quanta
955 1641 1097 1706 mritatis
1114 1643 1181 1726 ple·

227 1744 377 1808 nitudine
395 1743 653 1810 benevolentiam
668 1751 805 1808 vestram
828 1765 925 1828 snper
943 1744 1124 1810 extendatis
1144 1745 1181 1808 iu

227 1847 489 1925 nos,hincdatur
497 1846 1180 1931 intelligi,quodquumtotoorbeterrarum

227 1951 361 2014 ecclesia
375 1951 437 2014 Dei
451 1950 536 2015 clatra
547 1951 737 2015 meritorum
751 1951 846 2014 laude
857 1949 1023 2033 titulisque
1034 1952 1180 2034 gloriosis

226 2053 323 2136 longe
342 2053 471 2136 lateque
490 2053 703 2137 resplendeat,
719 2061 833 2118 vestrae
854 2061 965 2118 tamen
987 2051 1180 2137 complacuit

227 2155 436 2220 sollicitudini
454 2163 492 2219 ut
514 2157 655 2221 ecclesiae
672 2163 786 2220 vestrae
804 2177 865 2221 nos
888 2157 1017 2221 arctiori
1040 2155 1180 2240 quodam

227 2258 406 2323 dilectionis
420 2259 547 2324 vinculo
559 2259 749 2343 jungeretis,
765 2264 798 2323 et
813 2259 853 2323 de
867 2259 938 2347 ipsa
950 2259 1047 2324 vobis·
1054 2266 1180 2344 patrem

227 2370 451 2446 pastoremque
468 2363 637 2445 eligeretis.
684 2361 781 2427 Quod
800 2361 932 2445 quidem
949 2384 1016 2427 non
1037 2362 1085 2428 ita
1104 2363 1179 2428 sori·

228 2465 344 2543 bimus,
359 2455 514 2549 tanquam
529 2465 569 2530 de
584 2463 688 2529 infula
700 2465 751 2529 vel
766 2464 918 2530 cathedra
931 2465 994 2530 loci
1008 2466 1114 2544 vestri,
1129 2467 1178 2531 vel

227 2571 262 2632 in
287 2569 382 2634 nobis
404 2569 455 2633 vel
477 2569 512 2632 in
536 2565 654 2633 nostris
680 2568 865 2652 gloriantes,
889 2569 945 2634 sed
971 2576 1106 2663 gratum¹
1122 2591 1180 2654 per

228 2673 337 2737 omnia
365 2671 521 2736 habentes
549 2671 711 2735 unitatem
745 2671 876 2755 spiritus
905 2693 977 2755 qnae
1004 2671 1092 2736 inter
1120 2693 1179 2737 nos

227 2777 390 2842 mediante
412 2777 548 2861 quodam
562 2777 690 2841 vinculo
709 2777 852 2840 caritatis
872 2784 906 2842 et
924 2777 1011 2860 pacis
1030 2777 1124 2842 firmo
1145 2784 1179 2842 et

227 2880 441 2947 indissolubili
455 2881 672 2946 constituitur.
717 2879 806 2943 Nam
822 2902 922 2964 quum
937 2880 978 2944 de
994 2879 1180 2944 imminenti

227 2983 316 3049 vobis
345 2983 476 3068 negotio
503 2983 710 3048 recurreretis
740 2982 781 3047 ad
809 3005 880 3062 nos,
910 2982 1059 3066 equidem
1088 2983 1179 3048 vobis

228 3087 360 3150 caritate
381 3108 449 3150 non
469 3087 545 3150 ficta
568 3085 785 3165 subvenimus,
801 3092 835 3150 et
854 3086 895 3150 de
914 3107 1045 3171 corpore
1068 3093 1179 3153 nostro

227 3189 316 3255 vobis
342 3211 409 3254 non
434 3195 589 3273 tanquam
615 3188 759 3253 mucium
790 3189 911 3273 aliquid
935 3189 985 3254 vel
1010 3189 1178 3274 putridum

227 3292 409 3357 membrum
429 3291 607 3376 abjiciendo
627 3291 828 3376 projecimus,
843 3291 900 3356 sed
917 3292 1056 3375 corporis
1076 3293 1179 3358 nostri

226 3403 351 3480 partem
373 3415 450 3460 sane
467 3395 632 3460 meliorem
653 3401 686 3459 et
705 3394 954 3459 commodiorem
971 3396 1047 3460 licet
1063 3395 1099 3459 in
1114 3396 1178 3461 dis-

226 3497 382 3582 pendium
399 3499 511 3576 nostri,
531 3497 629 3581 plena
646 3504 757 3562 tamen
774 3497 864 3562 vobis
884 3497 1004 3582 pietate
1023 3499 1177 3563 concessi·

225 3623 308 3665 mus.
354 3601 442 3665 Nam
466 3600 493 3663 si
519 3600 605 3680 quod
628 3606 777 3664 sanctum
802 3607 861 3677 est,
882 3600 969 3683 quod
992 3600 1176 3682 honestum,

225 3704 312 3788 quod
345 3703 500 3768 domnnae
532 3723 628 3782 sanae,
664 3701 748 3786 quod
783 3701 879 3766 bonoe
914 3703 1017 3783 famae,
1056 3712 1177 3787 quanto

225 3829 391 3892 speramus
417 3827 525 3870 amore
550 3805 753 3890 concupistis,
778 3805 905 3869 habetis
930 3807 1042 3890 procul
1067 3807 1176 3884 dubio,

225 3909 351 3974 habetis
371 3909 407 3972 in
426 3908 527 3992 patris
545 3909 716 3992 adoptione
736 3908 876 3972 undeet
898 3909 1039 3973 Domino
1058 3911 1177 3993 gratia·

225 4035 298 4077 rum
321 4011 467 4076 referatis
489 4011 640 4090 actiones,
663 4019 696 4075 et
718 4010 811 4075 nobis
833 4010 902 4075 sitis
923 4012 959 4075 in
980 4012 1175 4078 immensum

226 4117 339 4201 gratiae
359 4114 538 4180 debitores:
562 4113 688 4178 habetis
705 4134 822 4197 nempe
836 4114 951 4192 virum,
967 4114 1021 4178 cui
1040 4114 1082 4177 ad
1101 4115 1175 4178 doc-

226 4219 347 4284 trinam
367 4219 502 4283 seientia
523 4225 556 4283 et
576 4217 617 4282 ad
637 4218 839 4282 honestatem
859 4239 963 4282 mores
986 4217 1174 4282 exuberant.

229 4322 367 4388 Habetis
385 4322 421 4386 in
440 4323 532 4408 cujus
549 4321 616 4386 uita
635 4327 668 4386 et
688 4321 831 4386 moribus
849 4319 939 4386 vobis
961 4321 1056 4406 plene
1073 4321 1175 4384 virtus
