3225 5192
396 691 529 736 usuum
546 693 779 740 somnonsnuu
796 697 881 741 nonu
898 699 1044 745 insonis.
1149 686 1202 748 xix

251 897 293 946 64.
310 893 354 946 Au
366 893 514 947 Bobertum
527 893 759 952 Heroiordiensem
772 898 937 970 Episcopum
984 903 1028 956 Aci

253 984 294 1033 6⁶.
311 979 429 1034 Simonis
442 980 563 1050 wigorn.
581 981 670 1051 Episc.
688 983 739 1054 Ep.
758 986 793 1040 ad
810 986 923 1042 Univer-

357 1083 399 1120 sos
412 1068 440 1120 S.
452 1065 523 1120 Μαί.
537 1067 664 1122 Ecclesiae
676 1067 758 1124 Filios
828 1101 840 1112 -
910 1103 921 1114 ·
992 1074 1034 1128 Ad

254 1157 295 1206 66.
311 1153 356 1206 Ao
369 1153 505 1207 Simonem
517 1153 730 1224 Wigomiensem
744 1156 906 1230 Episcopum
990 1161 1059 1223 Qun

254 1241 294 1291 67.
311 1239 354 1292 Ao
364 1239 384 1292 J
385 1240 517 1294 ecelinum
530 1239 752 1295 salesberiensem
764 1243 927 1315 Episcopum
988 1247 1124 1309 Quoniam

254 1330 293 1380 68.
311 1327 354 1380 Au
366 1327 534 1400 Bemnrdum
543 1328 777 1384 Oluraevolleusem
788 1332 920 1386 Abbstem
989 1334 1112 1404 Dignum

254 1416 294 1466 69.
312 1413 356 1466 Ad
378 1413 560 1468 Tbeobsldum
582 1413 803 1470 Contusriensem
829 1418 921 1471 Archi·

359 1500 507 1569 episcopum

254 1589 296 1638 70.
315 1582 430 1638 Simonis
443 1585 564 1655 Wigorn.
577 1584 666 1656 Episc.
681 1585 732 1657 Ep.
745 1585 781 1640 od
796 1587 921 1642 Pmocbi·

357 1688 422 1724 unos

252 1761 295 1810 71.
313 1758 357 1811 Ad
369 1757 520 1812 Uhtredum
532 1759 651 1814 Lentino.
665 1759 829 1831 Episcopum
903 1790 915 1800 ·
1021 1761 1026 1768 ’

249 1847 292 1895 72.
311 1843 353 1896 Ad
367 1843 400 1897 R
413 1843 592 1899 Exonienscm
606 1845 768 1917 Episcopum
825 1875 836 1887 ·
908 1877 919 1888 ·

250 1932 293 1984 73.
313 1930 354 1983 Ad
366 1929 520 2001 Eugenium
533 1931 636 2002 Papum
745 1962 755 1974 ·
826 1961 837 1974 ·
907 1964 918 1974 ·

248 2021 291 2070 74.
310 2017 353 2071 Ad
365 2017 509 2072 Robustum
522 2017 755 2074 Heresordicnscm
769 2019 933 2092 Episcopum
990 2023 1183 2079 suuuuonsm

250 2111 293 2159 75.
310 2106 354 2160 Ad
372 2105 550 2174 Hiennrdum,
566 2106 720 2161 Johnnnem
739 2115 767 2161 et
783 2109 872 2180 Cupit.
892 2108 918 2162 S.

355 2194 446 2248 David
497 2223 919 2236 ......
989 2196 1131 2267 smu.

250 2284 292 2335 78.
311 2282 354 2335 Au
378 2281 523 2336 Robustum
546 2281 760 2338 Lincolniensem
782 2283 920 2337 Anubidis·

250 2460 292 2508 77.
311 2455 354 2508 Au
369 2455 517 2510 Bobertum
534 2453 740 2512 Bomonionscm
758 2453 921 2527 Episcopum
992 2455 1172 2514 Pinveuicute

250 2545 291 2594 78.
309 2541 352 2595 Au
364 2541 516 2596 cononicus
529 2541 657 2596 Ecclesiae
669 2541 883 2596 Hereiordiensis
989 2543 1123 2604 Quoniam

251 2633 293 2682 79.
310 2627 517 2682 AdBrientium
530 2627 628 2684 Elium
640 2629 752 2682 Comitis
823 2658 834 2670 -
904 2657 916 2668 ·
986 2627 1122 2690 Quoedm

260 2845 311 2910 ΙΙ.
333 2846 506 2910 Eussnonn
522 2867 625 2912 monn
640 2866 764 2911 suuuu
778 2848 864 2911 1148
879 2867 919 2909 sn
932 2847 1015 2912 1161
1033 2865 1189 2914 scum.

251 2987 294 3038 80.
312 2984 356 3038 Ad
367 2983 504 3054 Nigelium
516 2983 650 3038 Elicnsem
663 2983 828 3055 Episcopum
908 3011 920 3022 -
989 2980 1080 3036 Virtus

251 3073 293 3122 81.
311 3069 355 3123 Ad
366 3069 513 3124 Rediuium
526 3070 666 3124 Deoonum
678 3069 846 3124 Herciordice
908 3098 919 3109 ·
990 3069 1015 3121 Δ
1026 3077 1054 3121 ue

252 3161 293 3210 82.
312 3156 354 3210 Ad
366 3156 515 3211 Henricum
526 3155 717 3212 Eborscensem
727 3155 962 3227 Archicpiscopum
990 3157 1095 3211 Oasites

252 3247 294 3298 83.
311 3243 355 3297 Ad
375 3243 559 3298 Theobcldum
583 3243 803 3298 Gentueriensem
826 3241 919 3296 Archi-

355 3327 509 3398 cpiscopum
580 3357 918 3368 -----
989 3328 1142 3399 Expectans

251 3417 292 3466 84.
311 3413 354 3466 Ad
367 3413 520 3482 Eugenium
533 3413 634 3484 Papum
741 3445 752 3454 -
826 3444 837 3453 ·
906 3445 917 3453 -

148 3501 294 3550 -·“86.
311 3498 356 3551 Ad
366 3499 499 3552 Joannem
511 3498 545 3552 de
558 3499 650 3552 Dinon
744 3529 754 3538 -
825 3528 837 3538 ·
907 3529 917 3539 -

251 3584 293 3632 86.
312 3580 355 3634 Ad
369 3581 416 3634 Ro.
430 3580 463 3634 do
476 3581 632 3634 Buruuhsm
664 3611 675 3620 -
746 3611 755 3620 ·
829 3611 838 3620 ·
910 3610 920 3620 -

251 3671 293 3720 87.
312 3666 355 3720 Au
366 3667 519 3736 Eugenium
534 3665 634 3737 Pepnrn
745 3697 756 3706 -
827 3697 838 3705 .
908 3695 919 3706 .
1011 3669 1017 3680 ·

251 3755 294 3804 88.
313 3752 480 3806 Adeundem

248 3841 291 3891 89.
311 3837 352 3890 Ad
366 3837 510 3892 Universos
522 3837 549 3891 S.
562 3837 660 3893 Matris
673 3839 799 3894 Ecclesise
813 3838 895 3893 Filios

249 3927 292 3976 90.
312 3924 354 3977 Ad
367 3923 511 3979 Robertum
528 3924 741 3982 Liucolnienscm
757 3925 919 3996 Episcopum
1012 3927 1019 3938 '

249 4015 291 4063 91.
311 4011 353 4064 Au
377 4009 561 4066 Tbcobuidum
585 4011 804 4066 Onntueriensem
828 4011 920 4065 Anchi·

356 4097 509 4167 episcopum
1013 4099 1019 4110 ·

250 4187 293 4235 92.
312 4181 354 4236 Ad
367 4182 523 4252 Eugenium
536 4184 638 4254 Pupam
744 4213 754 4223 -
827 4213 838 4224 -
908 4211 919 4222 ·

252 4274 294 4323 93.
311 4270 355 4323 Ad
370 4271 483 4324 cundem
