3225 5192
278 698 344 743 nn.
363 676 584 761 1148-61.].
613 692 909 741 nuarroanrrusrs
924 694 1101 740 rrrsnonn.
1154 678 1230 742 ·117

330 1026 552 1091 EPISTOLA
573 1026 753 1091 xci-m
770 1046 1003 1091 rnaoaannnu
1019 1047 1170 1092 caurus·

505 1149 659 1193 arnusru
674 1148 987 1195 nacmnmsconnu.

274 1280 366 1343 Patri
380 1300 435 1343 ruo
456 1286 487 1343 et
509 1281 632 1343 damian
650 1281 683 1344 T.
700 1282 915 1346 Cantauriani
928 1283 990 1346 Dei
1000 1284 1108 1365 pratia
1122 1284 1225 1346 urchi

315 1388 463 1464 episoma,
495 1384 533 1446 G.
558 1382 806 1466 Hercffordieuaia
829 1386 961 1448 euclem
984 1386 1134 1460 minister,
1151 1391 1227 1467 pout

316 1486 396 1549 irum
410 1486 628 1549 miauiccrdioe
642 1486 809 1549 reminisci.

315 1638 353 1699 51
370 1637 521 1702 adversus
536 1638 704 1703 dominum
716 1638 972 1702 Laudaviensem
984 1638 1224 1721 aliquantulum

273 1746 361 1805 mota
375 1748 424 1804 est
438 1741 655 1825 tranquillitas
666 1748 781 1819 vestra,
797 1748 892 1804 tanto
906 1736 1098 1804 sublimitati
1111 1746 1224 1804 vestra

270 1841 421 1906 humilius
443 1843 687 1927 supplicandum
702 1848 761 1920 est,
779 1849 901 1926 quanto
920 1842 1070 1905 adversus
1088 1842 1223 1926 praedic·

269 1951 340 2007 tum
356 1945 540 2028 episcopum
551 1946 688 2029 justiore
703 1966 804 2009 causa
823 1949 946 2007 motam
965 1965 1036 2008 esse
1055 1944 1220 2027 cognosci·

271 2068 352 2110 mus.
380 2046 565 2111 Sufficiebat
580 2047 667 2111 enim
683 2048 724 2111 ad
738 2036 968 2110 sublevandam
983 2067 1113 2110 causam
1127 2068 1220 2111 suam

269 2157 380 2213 contra
399 2150 614 2215 adversarium
636 2170 731 2213 suum
751 2148 931 2231 appellatio,
953 2155 987 2213 et
1006 2150 1034 2212 si
1052 2148 1141 2213 vobis
1162 2170 1221 2233 per

269 2252 376 2315 omnia
401 2252 542 2316 debitam
568 2251 766 2315 observasset
790 2252 1013 2337 reverentiam.
1062 2251 1160 2317 Quod
1189 2252 1217 2315 si

268 2354 374 2418 minus
389 2355 513 2418 factum
527 2361 585 2431 est,
600 2354 800 2437 improbitati
817 2354 929 2438 procul
944 2353 1043 2417 dubio
1057 2354 1216 2418 Laudavi-

167 2480 172 2487 ·
269 2456 393 2520 ensium
415 2456 614 2534 clericorum,
637 2478 704 2519 non
725 2456 825 2540 ipsius
848 2457 988 2539 episcopi
1007 2456 1139 2521 malitiae
1160 2464 1219 2537 aut

267 2556 492 2639 ingratitudini
507 2559 735 2641 imputandum
750 2564 810 2621 est.
853 2556 944 2641 Opus
959 2559 1047 2621 enim
1060 2578 1218 2622 manuum

266 2666 443 2722 vestrarum
464 2660 533 2743 ipse
555 2668 613 2737 est,
637 2668 670 2723 et
691 2660 850 2743 plantatio
870 2668 986 2737 vestra,
1009 2682 1106 2743 quem
1128 2662 1155 2724 si
1177 2661 1218 2725 de

264 2760 352 2842 justa
373 2760 457 2824 forte
480 2782 576 2825 causa
599 2761 774 2838 conteritis,
798 2781 879 2844 opus
903 2762 1033 2845 quidem
1060 2783 1219 2827 manuum

267 2871 443 2927 vestrarum
478 2866 651 2929 conteretis
688 2872 722 2929 et
761 2885 859 2947 quem
895 2863 1051 2946 plantavit
1088 2864 1221 2929 dextera

268 2974 379 3043 vestra,
395 2967 546 3031 evelletis.
591 2968 688 3031 Absit
708 2968 769 3031 hoc
789 2989 810 3031 a
828 2975 935 3031 vestra
954 2967 1063 3049 gloria,
1079 2968 1219 3033 nectale

267 3069 419 3133 sortiatur
447 3070 517 3134 laus
547 3078 652 3134 vestra
681 3070 895 3153 dispendium,
925 3076 965 3133 ut
994 3090 1090 3153 quem
1119 3071 1219 3135 semel

265 3172 350 3235 inter
364 3172 482 3236 amieos
498 3172 717 3256 adscripsistis,
734 3172 774 3237 ab
790 3173 881 3237 aditu
901 3172 1013 3256 gratiae
1026 3180 1141 3238 vestrae
1161 3173 1217 3237 eli-

266 3275 423 3339 minatum
444 3283 514 3339 tam
532 3276 624 3338 facile
643 3275 859 3359 proscribatis.
905 3275 1006 3339 Venit
1026 3274 1156 3359 quidem
1174 3276 1215 3339 ad

265 3400 318 3443 vos
332 3380 367 3443 in
383 3377 566 3441 humilitate
581 3385 614 3442 et
629 3378 888 3455 mansuetudine,
904 3378 949 3441 nil
969 3379 1096 3461 sapiens
1111 3380 1212 3442 altum

264 3481 431 3545 adversum
446 3502 510 3559 vos,
526 3481 582 3543 aed
598 3480 750 3564 quicquid
765 3488 875 3545 actum
891 3479 932 3543 sit
947 3501 968 3543 a
980 3479 1070 3558 vobis
1085 3488 1215 3544 tantum

264 3590 369 3647 totum
395 3584 481 3667 quod
509 3584 629 3647 bonum
654 3584 832 3661 dominum,
858 3582 942 3666 quod
972 3583 1064 3667 pium
1089 3591 1214 3666 patrem

264 3684 363 3763 decet,
378 3693 531 3769 expetens
554 3694 587 3749 et
610 3693 807 3769 exspectans.
853 3684 949 3751 Absit
968 3697 1077 3750 autem
1091 3694 1128 3749 ut
1144 3686 1212 3749 dies

263 3788 380 3851 mentis
400 3794 514 3851 vestrae
535 3788 580 3851 sic
602 3794 809 3851 convertatur
829 3788 864 3850 in
887 3786 1046 3865 tenebras,
1061 3794 1100 3851 ut
1114 3788 1163 3852 ira
1176 3790 1213 3852 in

263 3888 348 3951 robis
374 3896 431 3951 aut
457 3889 570 3971 gratiae
594 3889 790 3973 praejudicet,
817 3896 875 3952 aut
900 3895 1051 3952 naturam
1072 3896 1213 3968 evacuet,

263 3992 341 4074 quin
361 3992 397 4053 in
418 4000 554 4073 patemo
573 3998 701 4075 pectore
724 3992 766 4054 sit
787 3991 877 4055 intus
897 3990 983 4074 apud
997 4011 1062 4069 vos,
1078 3993 1133 4075 qui
1154 4012 1213 4074 pro

263 4094 327 4157 filio
341 4094 445 4176 pulset
460 4100 493 4157 et
508 4098 629 4171 exoret,
644 4102 677 4157 ct
692 4092 882 4156 exaudiatur
896 4092 1040 4157 affectus.
1085 4093 1121 4155 si
1134 4092 1212 4173 quid

260 4196 359 4279 igitur
374 4196 459 4279 apud
471 4217 525 4260 vos
540 4202 651 4259 nostra
664 4202 772 4277 potest
786 4195 984 4278 supplicatio,
997 4194 1024 4257 si
1039 4194 1125 4276 quod
1138 4192 1211 4255 tris·

259 4306 307 4362 tes
328 4298 463 4362 dicimus
488 4322 507 4362 a
531 4297 626 4362 corde
647 4304 752 4361 vestro
775 4305 906 4381 propter
928 4298 1059 4361 inanem
1082 4314 1210 4358 cauum
