3225 5192
321 746 384 807 150
635 751 794 797 o1naaar1
812 747 964 793 erracorr

321 876 468 953 arbitror,
493 871 605 936 audire
627 866 784 933 meruisti.
829 865 861 929 A
874 862 969 929 nobis
989 860 1140 945 equidem
1162 860 1203 925 ad
1226 882 1279 925 su-

320 1000 421 1062 perna
444 974 622 1041 translatus
642 977 700 1047 est,
722 975 825 1033 otest
847 965 934 1049 apud
955 964 1134 1031 Dominum
1156 984 1279 1027 merces

320 1082 417 1145 illius.
464 1080 564 1144 Porro
579 1094 698 1141 nomen
714 1072 782 1155 ejus
797 1070 881 1134 vivet
903 1069 939 1133 in
960 1067 1077 1145 secula,
1093 1074 1127 1131 et
1146 1067 1217 1149 ejus
1238 1065 1280 1129 ab

323 1182 456 1249 ecclesia
478 1178 633 1245 memoria
646 1198 713 1240 non
728 1173 866 1238 recedet.
913 1169 986 1235 Hoc
1000 1169 1139 1253 paradisi
1152 1169 1280 1251 lignum

322 1286 500 1369 prudenter
529 1281 580 1345 his
606 1279 719 1343 diebus
745 1299 765 1340 a
787 1275 930 1340 Domino
952 1273 989 1339 in
1012 1272 1113 1337 oculis
1138 1272 1280 1336 ecclesie

323 1386 507 1467 plantatum
524 1387 583 1457 est,
599 1386 636 1442 ut
655 1378 813 1441 virtutum
835 1372 954 1456 gradus
976 1370 1121 1455 quisquis
1140 1378 1279 1453 attemp-

324 1494 394 1551 tare
421 1484 567 1561 voluerit,
589 1480 786 1564 exemplares
809 1478 846 1541 in
867 1475 925 1541 illo
948 1475 1085 1539 virtutes
1107 1495 1187 1557 ques
1208 1474 1280 1537 imi·

325 1598 414 1653 tetur
428 1608 540 1653 omues
555 1584 708 1649 inveniat.
753 1581 805 1645 Tu
825 1600 961 1662 quoque,
977 1577 1035 1664 qui
1057 1577 1150 1642 malis
1169 1577 1282 1661 stipari

325 1692 478 1775 postulas,
503 1689 579 1752 hinc
603 1686 664 1751 tibi
690 1692 768 1767 quot
791 1684 887 1759 voles,
909 1683 978 1765 ipse
1002 1681 1163 1765 decerpas.
1208 1678 1282 1744 Hoc

325 1801 437 1859 tamen
460 1792 602 1856 scribens
623 1810 690 1853 non
713 1788 824 1852 statim
843 1793 1038 1869 attemptare
1059 1804 1188 1849 summo
1207 1806 1283 1849 sua·

326 1897 396 1961 deo.
442 1895 549 1958 Nemo
563 1898 696 1975 repente
717 1892 754 1955 lit
776 1890 927 1973 optimus.
974 1887 1116 1954 Pecunia
1137 1895 1282 1951 servatur

326 1999 457 2082 optimc,
476 2018 547 2079 quae
561 1994 720 2080 paulatim
735 1994 870 2057 collecta
883 2013 985 2055 manu
998 1991 1176 2075 reponitur.
1209 1990 1284 2055 Suis

328 2100 537 2165 incrementis
555 2107 588 2163 et
607 2097 760 2181 gradibus
775 2097 876 2161 virtus
891 2117 1092 2179 unaquaeque
1109 2095 1282 2179 perficitur.

330 2205 405 2287 Ipse
420 2204 518 2269 etiam
533 2204 691 2265 virtutum
707 2200 824 2265 chorus
842 2199 879 2263 in
899 2206 1008 2265 mente
1022 2199 1107 2263 bene
1120 2199 1284 2283 disposite,

322 2314 418 2371 certa
439 2306 564 2371 ratione
587 2303 807 2386 distinguitur.
854 2303 904 2366 Ut
926 2302 1097 2368 aedificium
1120 2303 1286 2386 spirituale

329 2409 505 2494 prudenter
532 2408 646 2489 erigas,
673 2406 777 2489 prima
802 2405 864 2469 tibi
888 2406 1028 2489 jaciatur
1052 2405 1227 2484 humilitus,
1251 2413 1285 2469 et

299 2560 304 2570 .
330 2512 449 2577 mentis
464 2511 495 2575 ei
510 2510 693 2594 benignitas
708 2509 909 2575 adhibeatur.
956 2507 1017 2573 His
1035 2508 1196 2575 adhaereat
1210 2508 1287 2573 obe-

332 2614 464 2694 dientia,
480 2636 577 2698 quam
598 2636 655 2678 suo
675 2613 832 2698 patientia
850 2612 958 2695 vigore
977 2613 1170 2677 corroboret.
1217 2614 1287 2677 Has

332 2738 443 2782 omnes
470 2717 705 2801 perseverantia
726 2723 839 2781 sancta
859 2715 1036 2799 disciplinae
1058 2715 1131 2780 cibo
1153 2716 1286 2780 reficiat.

334 2820 388 2885 Sic
409 2822 445 2885 in
466 2820 576 2884 virum
593 2820 771 2903 perfectum
794 2818 976 2902 dispositus,
998 2818 1034 2883 in
1056 2819 1125 2883 lata
1145 2819 1288 2883 caritatis

332 2944 435 3005 regna
448 2922 621 3006 pervenies.
667 2922 741 2989 Quo
755 2942 858 3005 quum
876 2922 970 2986 laetus
991 2921 1170 3000 intraveris,
1183 2922 1290 2986 virum

334 3026 444 3091 statim
460 3033 605 3090 mutatus
619 3026 655 3089 iu
670 3026 819 3102 alterum,
834 3046 918 3088 nova
932 3025 1041 3089 omnia
1054 3046 1157 3089 novus
1170 3024 1239 3109 ipse
1252 3025 1288 3089 in

334 3136 368 3193 te
382 3128 559 3191 miraberis.
595 3129 756 3211 Deinceps
770 3128 806 3193 in
821 3128 872 3193 via
886 3128 1020 3193 Domini
1033 3129 1081 3193 nil
1094 3128 1214 3193 durum
1227 3128 1289 3193 tibi

335 3225 500 3309 reputabis
520 3232 577 3289 aut
597 3248 755 3309 asperum,
772 3226 979 3309 nunquan
997 3226 1108 3297 horret
1127 3248 1201 3293 caro
1220 3234 1289 3306 tua,

335 3326 396 3392 tibi
427 3326 558 3411 spiritus
587 3327 622 3391 in
652 3328 772 3392 virtute
803 3329 968 3393 dulcescit.
1014 3326 1103 3393 Hinc
1132 3328 1289 3395 virtutum

337 3431 474 3514 pasceris
496 3432 531 3497 in
551 3432 634 3511 liliis,
656 3432 758 3497 donec
777 3434 966 3497 aeternitatis
988 3432 1106 3516 aspiret
1128 3432 1205 3511 dies,
1226 3454 1291 3515 quo

339 3534 516 3599 Dominum
543 3536 564 3598 J
566 3556 657 3601 esum
682 3558 777 3622 quem
804 3542 915 3601 mente
936 3543 1066 3601 secutus
1088 3556 1133 3614 es,
1155 3535 1292 3601 feliciter

338 3638 566 3719 apprehendas
613 3640 656 3702 In
671 3660 734 3721 quo
749 3640 818 3704 vale
834 3660 957 3705 memor
969 3639 1044 3718 mei,
1059 3638 1231 3705 carisdme.
