3225 5192
379 650 443 714 182
693 666 855 713 cineram
871 666 1025 713 nrrscorr

378 792 527 871 scopatus
549 784 624 849 mei.
668 784 782 849 'festor
803 791 913 849 antem
937 784 1042 869 ipsam
1060 784 1242 867 veritatem,
1264 808 1335 872 qnae

378 892 468 956 Deus
482 897 542 967 cst,
558 888 645 972 quod
664 888 727 952 nisi
746 910 799 953 me
820 909 927 953 comes
946 909 1005 973 per
1021 889 1272 973 appellationem
1285 892 1335 956 in·

377 992 566 1078 terpositam
580 992 776 1077 impedisset,
797 1012 860 1056 nec
879 1012 998 1070 amore,
1016 1012 1078 1057 nec
1092 991 1178 1071 odio,
1194 1014 1256 1058 nec
1269 995 1336 1059 ulla

377 1096 511 1162 omnino
527 1095 631 1180 gratia
645 1094 810 1159 sententia
822 1093 859 1158 in
873 1116 950 1159 eum
964 1095 1065 1159 dilata
1078 1094 1204 1160 fuisset.
1239 1096 1336 1163 Quod

377 1220 452 1264 vero
467 1206 578 1263 contra
597 1197 846 1282 appellationem
863 1197 948 1261 nihil
969 1199 1100 1281 possim,
1121 1198 1150 1263 si
1168 1199 1250 1263 mihi
1269 1220 1335 1264 non

377 1300 517 1381 creditis,
547 1300 653 1385 ipsum
682 1322 756 1367 ecoe
784 1322 943 1367 canonem
972 1301 1123 1367 audiatis.
1168 1302 1229 1365 ‘Si
1253 1302 1335 1385 quia,

316 1406 338 1457 V
379 1413 486 1490 spreta
505 1405 624 1489 judicis
648 1404 842 1469 auctoritate
867 1405 909 1471 ad
931 1426 1028 1489 quem
1052 1406 1252 1490 appellatum
1273 1413 1333 1485 est,

378 1530 447 1573 rem
468 1530 488 1573 a
508 1529 542 1573 se
562 1508 660 1573 etiam
674 1508 819 1591 legitime
830 1507 1020 1593 judicatam,
1035 1507 1248 1573 nihilominus
1261 1528 1333 1572 exe-

379 1610 508 1695 quendo
522 1612 711 1695 impleverit,
722 1612 793 1695 ipsa
807 1633 872 1694 qua
885 1611 1033 1694 fulgebat
1044 1611 1217 1695 judiciaria
1229 1618 1334 1695 potes-

379 1722 448 1779 tate
463 1736 498 1779 se
512 1714 645 1779 eximit?
691 1714 778 1779 Item
793 1714 871 1779 alibi
885 1716 1044 1798 scriptum
1058 1722 1118 1779 est.
1164 1719 1175 1750 ‘
1184 1714 1333 1798 Appella-

331 1811 354 1863 ἵ
379 1818 469 1883 tione
483 1817 682 1901 interposita,
697 1816 773 1882 licet
788 1823 822 1881 et
838 1816 878 1881 ab
890 1816 1000 1901 judice
1013 1817 1185 1901 repudiata
1200 1818 1236 1881 in
1255 1840 1333 1901 pra-

377 1920 537 2005 judicium
560 1920 809 1999 deliberationis,
833 1918 917 1985 nihil
939 1920 1010 1985 fieri
1035 1920 1153 1986 debere
1178 1929 1212 1985 et
1236 1922 1273 1984 in
1297 1942 1334 1986 eo

380 2031 468 2088 statu
490 2023 599 2087 omnia
620 2044 698 2101 esse,
715 2045 779 2107 quo
801 2030 947 2107 tempore
968 2024 1244 2107 pronunciationis
1266 2024 1333 2088 fue·

379 2134 467 2205 runt,
495 2126 668 2209 saepissime
696 2126 912 2190 constitutum
937 2134 997 2191 cst.
1042 2127 1142 2193 Unde
1165 2128 1333 2191 manifeste

379 2230 584 2313 cognoscitur
598 2236 670 2313 post
685 2230 935 2313 appellationem
948 2230 1090 2312 factam,'
1105 2232 1163 2297 lec.
1197 2232 1235 2295 Si
1247 2231 1334 2296 enim

379 2356 462 2414 oves,
489 2334 677 2413 authores,
704 2341 761 2399 aut
786 2343 905 2437 cgetera
928 2335 1117 2420 hujusmodi
1144 2336 1333 2415 amittimus,

379 2440 479 2503 dante
502 2438 644 2503 Domino
664 2460 854 2523 recuperare
876 2440 1065 2523 poterimus.
1110 2439 1208 2506 Quod
1229 2440 1334 2524 siper

379 2542 593 2621 inscientiam,
614 2540 809 2622 fatuitatem,
826 2551 883 2606 aut
903 2550 1129 2608 contumacem
1146 2542 1333 2609 inobedien-

379 2647 460 2711 tiam
475 2644 516 2711 ab
531 2646 717 2730 episcopatu
731 2652 765 2710 et
779 2646 893 2710 ordine
912 2648 1011 2712 semel
1031 2647 1150 2731 dejecti
1167 2647 1333 2725 fnenmns,

379 2751 436 2835 qui
456 2750 556 2815 alium
577 2750 671 2815 nobis
692 2750 759 2829 det,
779 2772 848 2815 non
866 2749 960 2815 facile
977 2751 1192 2816 inveniemus
1236 2750 1334 2816 Unde

379 2853 473 2918 nobis
498 2854 614 2919 melius
642 2853 679 2919 in
707 2852 895 2938 hujusmodi
920 2854 1018 2919 rebus
1041 2863 1335 2939 quantamcumque

376 2956 538 3043 jacturam
553 2956 630 3041 pati,
647 2976 743 3040 quam
759 2958 845 3021 circa
858 2956 1005 3021 ordinem
1019 2957 1204 3040 periclitari.
1237 2956 1334 3023 Quod

380 3059 407 3122 si
429 3080 540 3124 meum
553 3059 642 3123 vobis
657 3059 796 3142 placeret
811 3059 924 3125 audire
937 3060 1119 3139 consilinm,
1133 3081 1203 3125 non
1216 3060 1333 3125 occasi·

378 3182 476 3227 ouem
492 3163 676 3245 quaereretis
691 3158 860 3227 adversum
874 3182 937 3241 me,
954 3162 1031 3246 quie
1047 3184 1108 3245 ego
1129 3163 1201 3227 Deo
1215 3164 1335 3247 gratias

381 3264 422 3329 ad
437 3286 567 3329 omnem
582 3265 746 3330 fortunam
760 3276 795 3330 et
810 3286 994 3350 prosperam
1008 3272 1042 3330 et
1056 3266 1223 3331 adversam
1242 3288 1333 3351 pura·

380 3375 435 3433 tus
450 3390 532 3448 nrm,
544 3374 577 3433 et
589 3376 710 3453 quanto
721 3368 831 3431 minus
846 3366 960 3447 habeo,
975 3368 1085 3432 minus
1099 3374 1187 3432 certe
1201 3368 1333 3447 timebo,

381 3479 416 3537 et
437 3470 609 3556 adjuvante
630 3470 781 3550 Domino,
803 3472 876 3554 plus
895 3478 1019 3555 potero.
1065 3471 1101 3535 Si
1123 3472 1233 3536 literas
1254 3493 1333 3556 quas

381 3575 543 3659 supradixi
562 3572 747 3659 acciperetis
762 3594 782 3636 a
797 3593 859 3652 me,
875 3580 909 3636 et
924 3572 1011 3637 diem
1026 3579 1187 3638 statutum
1205 3594 1333 3657 exspec-

380 3678 501 3756 taretis,
518 3685 550 3741 et
566 3677 740 3761 armigeros
756 3678 796 3740 R.
813 3676 967 3754 Britonis,
984 3683 1018 3741 et
1031 3676 1151 3741 milites
1165 3684 1276 3761 captos
1290 3676 1335 3741 ad

380 3780 655 3865 archiepiscopum
675 3780 858 3857 mitteretis,
875 3780 951 3864 quia
968 3781 1104 3865 juvante
1126 3782 1268 3846 Domino
1286 3781 1333 3866 ip·

380 3906 452 3949 sum
472 3884 518 3948 ibi
537 3884 623 3949 facta
641 3884 831 3968 probatione
850 3882 986 3948 liberare
1004 3886 1160 3969 poteritis,
1176 3891 1210 3950 ct
1225 3886 1280 3970 qui
1294 3907 1333 3949 ex

378 3996 471 4072 parte
484 4010 558 4052 mea
573 3987 720 4066 aderunt,
737 3988 778 4051 ad
793 3987 855 4051 hoc
868 3989 982 4071 utique
997 4009 1065 4052 non
1079 3989 1253 4055 nocebunt.
1283 3990 1334 4055 De

379 4094 441 4157 hoc
461 4092 546 4175 quod
569 4091 703 4156 mandat
723 4091 804 4154 mihi
825 4113 891 4170 rex,
911 4100 951 4156 ut
971 4092 1221 4158 admemoriam
1239 4093 1333 4165 redu·

379 4218 449 4261 cam
470 4197 509 4261 de
528 4196 652 4261 duobus
667 4195 771 4260 bobus
787 4196 865 4280 quid
884 4196 921 4259 in
942 4198 1012 4281 ejus
1034 4198 1206 4281 praesentia
1225 4205 1333 4262 actum

380 4302 430 4385 sit,
454 4302 538 4367 bene
559 4301 672 4385 utique
696 4301 731 4365 in
754 4301 912 4371 memoria
933 4300 1048 4366 habeo.
1093 4301 1181 4368 Quia
1203 4322 1333 4368 cauum
