3225 5192
257 687 322 736 s.n.
341 642 540 747 1148-61]
592 682 1084 728 unsarounrnusrsnrrsrona.
1148 670 1210 729 105

257 800 387 877 mulcet,
398 806 430 861 et
444 797 560 861 nutrit.
593 798 624 860 A
636 818 760 880 sponsae
774 804 841 861 tuae
856 799 1056 882 amplexibus
1072 800 1114 864 ad
1129 807 1211 865 tem·

258 925 317 987 pus
340 902 493 979 avelleris,
514 900 571 964 sed
593 901 705 964 matris
726 902 850 986 gremio
871 902 1058 967 confoveris.
1103 905 1210 968 Insul-

259 1015 331 1072 taut
346 1017 457 1072 tamen
477 1006 617 1090 pessimi,
633 1004 719 1090 quod
733 1014 767 1070 et
782 1007 915 1070 domum
929 1015 963 1072 et
977 1008 1092 1073 urbem
1107 1031 1212 1093 egres·

260 1133 313 1173 sus
338 1132 381 1173 es.
427 1111 472 1173 Es
497 1108 623 1192 quidem
651 1130 817 1191 egressus:
850 1110 907 1173 sed
931 1111 1039 1194 cogita
1063 1113 1213 1196 antiquos

260 1214 336 1284 dies.
381 1211 549 1295 Numquid
569 1211 674 1274 David
693 1233 713 1274 a
729 1211 810 1276 facie
829 1212 888 1276 filii
906 1212 1035 1295 fugiens
1054 1214 1213 1280 insultan-

259 1325 325 1379 tem
341 1315 403 1379 sibi
418 1321 451 1379 et
466 1315 638 1392 dicentem,
654 1315 827 1396 Egredere,
842 1316 891 1379 vir
905 1316 1110 1399 sanguinum,
1126 1340 1213 1401 egre

261 1419 345 1495 dere,
362 1438 435 1481 curn
457 1417 614 1481 modestia
634 1438 702 1481 non
725 1417 904 1483 sustinuit?
948 1419 1016 1483 Vos
1038 1427 1071 1484 et
1094 1421 1121 1483 si
1142 1442 1213 1504 per-

262 1542 340 1583 sona
362 1520 511 1603 dispares,
535 1520 650 1583 estimo
674 1526 786 1584 tamen
812 1542 903 1603 pares
928 1521 964 1584 in
989 1544 1094 1586 causa.
1148 1526 1213 1588 Do-

260 1623 402 1687 mesticis
424 1629 555 1687 utamur
579 1621 741 1705 exemplis.
786 1624 884 1687 Nosti
910 1625 985 1707 quia
1010 1626 1169 1690 Dominus
1195 1649 1216 1691 a

261 1725 341 1789 facie
361 1726 458 1788 Pilati
479 1746 624 1808 egressus
645 1732 694 1789 est
714 1726 749 1787 in
769 1725 947 1789 ludibrium
967 1728 1026 1805 sui,
1043 1736 1213 1793 coronabis

262 1828 372 1911 spinis,
391 1835 424 1891 et
445 1828 579 1891 indutus
601 1849 753 1911 purpura.
798 1828 981 1894 Novissime
1002 1832 1101 1895 etiam
1123 1834 1214 1915 quasi

262 1931 448 2013 repurgium
468 1952 531 2013 quo
552 1930 652 2013 pollui
673 1938 781 2013 posset
803 1932 924 2010 civitas,
943 1931 1011 2015 ipse
1031 1941 1122 1997 extra
1141 1956 1213 2018 por-

262 2040 329 2096 tam
352 2054 463 2115 passus
484 2039 551 2109 est3
575 2033 724 2096 ultimam
743 2054 856 2116 passus
875 2034 1038 2117 injuriam,
1057 2058 1100 2099 ne
1119 2058 1214 2100 muu-

263 2138 323 2201 dus
348 2136 483 2200 ulterius
509 2136 661 2218 iujuriam
688 2143 862 2219 pateretur.
919 2138 990 2201 Hac
1013 2160 1075 2202 nos
1098 2141 1214 2203 armari

262 2238 457 2321 cogitatione
472 2245 608 2320 oportet,
624 2245 662 2300 ut
681 2238 786 2320 ipsum
807 2245 898 2302 extra
916 2247 1021 2303 castra
1034 2250 1214 2325 sequentes,

264 2341 492 2424 improperium
504 2340 604 2423 ipsius
616 2360 741 2423 semper
750 2341 786 2403 in
797 2342 901 2424 capite
916 2349 1026 2407 nostro
1040 2352 1214 2426 portemus.

264 2444 353 2508 Felix
378 2450 437 2507 tua
456 2444 605 2526 egressio,
625 2464 689 2525 qua
712 2450 897 2507 sanctorum
917 2444 1051 2527 collegio
1073 2444 1216 2510 denomi-

264 2546 360 2610 naris.
409 2546 472 2609 Sed
494 2546 713 2629 improperant
736 2546 821 2629 quod
845 2531 965 2629 fugisti.
1010 2548 1082 2610 Nec
1104 2548 1217 2630 fugisti

266 2649 405 2733 quidem,
431 2649 485 2712 sed
509 2656 543 2711 tc
568 2648 606 2711 ad
635 2648 853 2711 dimicandum
877 2649 981 2712 acrius
1006 2670 1064 2732 pro
1086 2651 1218 2732 justicia

265 2751 440 2816 reservasti.
465 2750 586 2813 Paulus
600 2758 709 2813 tamen
722 2750 873 2813 Damasci
887 2750 921 2813 in
937 2758 1046 2832 sporta
1061 2749 1217 2816 demissus

266 2855 388 2938 cffugit,
414 2876 474 2917 nec
500 2852 588 2916 istud
618 2852 759 2917 scribens
785 2852 902 2916 rubore
928 2852 1137 2931 suffunditur,
1162 2854 1219 2917 sed

266 2960 325 3025 hoc
349 2959 417 3042 ipso
444 2958 607 3041 gloriatur.
653 2956 727 3019 Nisi
751 2956 835 3019 enim
858 2956 1002 3038 fugisset,
1025 2956 1218 3021 frementem

267 3061 380 3125 mundi
399 3062 535 3125 bestiam
555 3081 622 3123 non
641 3059 849 3135 confudisset,
864 3079 925 3122 nec
944 3059 978 3122 in
998 3060 1069 3142 ipso
1087 3059 1217 3142 fastigio

268 3164 390 3247 imperii
406 3163 556 3227 vexillum
572 3162 704 3226 Domini
725 3161 899 3224 statuisset.
944 3161 1050 3226 Docet
1069 3184 1129 3226 nos
1149 3184 1217 3226 ma-

269 3268 366 3349 gister
379 3266 495 3343 bonus,
513 3265 547 3327 Si
562 3264 721 3347 persecuti
736 3284 790 3327 vos
805 3263 927 3327 fuerint
946 3264 981 3327 iu
999 3266 1128 3329 civitate
1143 3288 1218 3343 una,

268 3370 370 3453 fugite
393 3367 428 3431 in
448 3368 591 3431 alteram.
636 3367 726 3449 Fuge
750 3388 826 3449 ergo
850 3366 966 3433 dilecte
988 3368 1035 3431 mi
1059 3368 1121 3433 hoc
1142 3391 1219 3433 usus

267 3470 411 3553 imperio,
433 3470 510 3553 fuge
532 3469 572 3533 de
596 3469 646 3533 Ur
667 3468 893 3533 Chaldaeorum
911 3470 946 3531 in
969 3470 1158 3549 Jerusalem,
1180 3481 1218 3536 ut
1289 3481 1298 3500 ⁸

268 3574 386 3638 habeat
403 3572 439 3637 in
459 3594 522 3656 quo
539 3580 664 3655 pugnet
679 3572 821 3648 ecclesia,
837 3570 954 3635 habeat
969 3593 1064 3654 quem
1079 3584 1220 3639 reservet

270 3675 329 3740 sibi
352 3678 389 3739 in
412 3682 539 3757 tempus
565 3673 666 3737 hostis
695 3679 728 3737 et
757 3672 844 3737 belli.
900 3672 1008 3736 Stabis
1033 3674 1139 3740 adhuc
1161 3699 1219 3759 pro

270 3786 372 3843 matre
386 3778 482 3855 filius,
498 3777 533 3839 in
547 3796 619 3839 eam
632 3775 776 3839 fortassis
796 3773 898 3838 acrius
917 3776 1107 3859 insurgente
1126 3778 1219 3843 Levi·

270 3881 379 3943 athan.
403 3881 424 3944 J
426 3901 478 3943 am
492 3899 552 3942 nos
566 3878 662 3942 odore
676 3878 762 3942 bono
777 3877 965 3960 respersisti,
977 3886 1011 3941 et
1025 3886 1091 3943 tuae
1101 3880 1221 3945 virtute

270 3981 462 4046 constancia
481 3981 565 4045 boue
585 3980 706 4063 fragrat
726 3980 868 4058 ecclesia,
892 3980 947 4063 qui
970 3980 1162 4063 dedignatus
1186 4005 1220 4048 cs

270 4084 431 4147 humiliari
446 4083 592 4166 principi,
608 4092 641 4147 et
657 4104 743 4165 genu
758 4103 888 4147 ourvme
903 4091 979 4147 aute
994 4084 1083 4149 Baal.
1115 4087 1221 4150 Datur
1341 4090 1344 4096 '

271 4188 357 4271 optio
376 4186 559 4265 confessori,
580 4193 617 4249 ut
638 4185 764 4267 abjuret
785 4186 870 4269 quod
890 4196 1001 4253 seucte
1020 4187 1150 4265 fecerat,
1171 4189 1221 4251 vel

271 4291 363 4355 cedat
377 4291 428 4353 his
445 4312 515 4373 quae
530 4288 719 4372 possidebat.
752 4290 886 4354 Vilescit
902 4291 1010 4355 auimo
1024 4298 1082 4356 tuo
1097 4298 1219 4373 tempo-
