3225 5192
360 644 424 709 180
670 662 832 707 nisurum
849 660 1003 706 rrrsoorr

407 976 630 1043 EPIS'POLA
651 977 833 1044 CIV-nn
849 996 1034 1042 sosnsrors
1051 998 1265 1043 rxonmssmi

745 1100 937 1145 prucorum.

361 1234 493 1298 Domino
514 1252 570 1297 ruo
590 1234 700 1298 dilecto
711 1230 875 1318 fratrique
894 1236 1065 1315 carissimo,
1079 1236 1120 1299 R.
1135 1236 1317 1315 Erosrs'erisi,

405 1338 467 1401 Dei
488 1338 597 1419 pratia
622 1338 772 1419 episcopo,
791 1337 901 1419 frater
929 1338 968 1402 G.
993 1338 1242 1422 Herqfordieruis
1268 1360 1317 1405 eo·

406 1440 505 1504 clesioe
519 1440 669 1519 minister,
684 1442 816 1505 salutem
830 1448 862 1505 el
876 1442 1078 1506 dilectionem.

407 1590 478 1655 Uni
494 1590 599 1655 mults
615 1596 665 1655 est
679 1590 885 1670 confidentis,
900 1592 1006 1657 multo
1023 1598 1122 1658 estet
1139 1614 1224 1677 supe
1238 1614 1319 1677 prm·

364 1693 515 1777 sumptio.
560 1694 644 1757 Inde
666 1701 725 1773 est,
744 1694 831 1778 quod
853 1694 983 1760 umsbili
1002 1702 1036 1760 et
1057 1696 1205 1761 smundie
1225 1697 1319 1761 nobis

364 1816 490 1879 semper
498 1795 694 1879 benignitati
704 1804 818 1861 vestrae
827 1818 938 1881 preoes
948 1798 1054 1863 multo
1063 1800 1236 1864 securitate
1245 1820 1319 1883 por-

362 1898 507 1983 rigimus,
522 1906 561 1964 ut
575 1899 668 1963 nobis
683 1899 719 1963 in
734 1900 927 1984 quibusdum
942 1923 1015 1985 quae
1028 1902 1071 1967 ud
1083 1923 1140 1969 vos
1160 1908 1318 1987 spectant,

362 2001 399 2067 in
414 2023 453 2067 es
467 2024 539 2087 quae
553 2001 646 2067 nobis
661 2002 703 2067 ed
717 2025 860 2087 proeseus
874 2012 947 2069 orta
961 2012 1011 2070 est
1025 2006 1229 2085 neeessitutq
1244 2006 1319 2071 sub·

362 2104 508 2171 venietis.
554 2104 705 2189 Implevit
732 2108 860 2190 jamdiu
885 2108 1023 2191 querelis
1052 2130 1146 2173 sures
1172 2109 1319 2173 omnium

362 2209 536 2273 osnonious
565 2208 697 2294 quidem
727 2208 828 2293 Hugo
857 2211 899 2276 de
929 2211 1037 2291 Cotes,
1061 2232 1207 2277 asserens
1236 2234 1271 2277 se
1299 2234 1320 2277 s

362 2312 457 2378 nobis
471 2312 604 2377 ecelesia
618 2312 658 2377 de
677 2314 823 2379 Stsnleio
836 2314 993 2380 violenter
1007 2315 1158 2399 ejeotnm¹
1172 2324 1207 2382 st
1221 2316 1319 2381 rebus

364 2416 430 2481 suis
444 2416 566 2500 injuste
581 2412 762 2501 spoliatum.
808 2416 850 2481 In
863 2420 995 2503 plenem
1008 2420 1108 2485 etium
1122 2419 1226 2485 nostri
1245 2442 1319 2503 sug-

363 2519 574 2603 gillationem,
599 2520 640 2583 sd
663 2518 833 2585 dominum
853 2544 970 2607 papum
995 2523 1160 2606 querelem
1182 2520 1319 2587 eandem

363 2622 509 2706 protulit,
534 2630 568 2686 et
591 2622 633 2687 sd
659 2623 827 2687 dominum
849 2624 996 2707 legatum
1017 2625 1127 2690 literas
1152 2625 1249 2708 hujus
1272 2624 1319 2690 rei

364 2724 595 2808 eognoscendus
623 2727 806 2810 reportavit.
866 2728 954 2794 Quis
980 2749 1056 2793 vero
1084 2734 1224 2793 vestrum
1251 2750 1319 2793 non

363 2828 445 2893 lutet
466 2828 682 2912 prudentium,
699 2830 837 2913 qualiter
856 2830 1030 2913 proedictus
1046 2829 1146 2915 Hugo
1165 2831 1201 2895 in
1220 2830 1318 2914 purti-

365 2930 426 2996 bus
455 2933 568 2997 vestris
597 2932 796 3015 aliquamdiu
821 2940 1027 2998 conversatus
1056 2935 1109 3013 sit,
1139 2934 1320 3020 eujusmodi

365 3035 464 3099 etium
492 3034 640 3117 religioni
669 3034 827 3112 addictus,
849 3055 1002 3118 rogamus
1027 3043 1066 3101 nt
1088 3037 1200 3102 literas
1225 3037 1319 3103 nobis

363 3138 461 3221 hujus
476 3136 523 3199 rei
537 3134 658 3199 indices
673 3134 865 3215 concedistis,
881 3142 915 3201 et
929 3158 989 3201 nos
1004 3138 1092 3203 vobis
1111 3140 1147 3203 in
1167 3141 1320 3205 omnibus

364 3238 527 3323 amplioris
542 3237 654 3321 gretie
669 3236 830 3303 debitores
844 3240 997 3305 efficietis.
1043 3241 1152 3307 Quem
1173 3244 1320 3307 arctioris
1380 3262 1383 3272 ·
1516 3258 1525 3271 ⁰

365 3342 575 3408 observantiae
604 3342 709 3425 mdo
733 3342 762 3407 si
782 3364 818 3408 se
843 3352 971 3409 constat
990 3346 1167 3427 inclusisse,
1190 3356 1320 3413 constet

365 3446 465 3511 etium
482 3445 534 3509 liis
556 3466 628 3529 quae
653 3454 729 3511 ente
751 3447 937 3530 possederat
962 3450 1177 3515 renunciasse.
1223 3450 1320 3517 Quod

366 3548 442 3632 quis
463 3548 504 3613 de
525 3548 595 3632 ipso
613 3549 802 3629 audivimus,
822 3551 864 3615 ub
886 3552 990 3617 amieo
1012 3552 1156 3617 veritatis
1174 3554 1319 3618 testimo·
1440 3608 1445 3615 .

364 3651 458 3715 nium
472 3656 687 3734 expectamus.
732 3652 776 3716 Et
792 3653 868 3736 quia
889 3655 930 3717 ad
951 3655 1130 3719 multorum
1150 3656 1319 3720 eorrectio-

365 3774 442 3817 nem
464 3750 627 3837 religionis
649 3754 845 3821 amatoribus
864 3756 1038 3821 inhonesta
1056 3757 1240 3841 frequenter
1262 3758 1319 3822 ho-

365 3856 546 3921 mestissime
575 3856 793 3940 proferuntur,
825 3858 853 3922 si
882 3858 960 3941 quid
989 3860 1085 3943 vulgo
1118 3866 1233 3925 notum
1259 3869 1319 3939 est,

367 3959 453 4044 quod
473 3958 644 4025 adversarii
663 3962 766 4025 nostri
788 3960 903 4026 faeiem
925 3962 1112 4042 confundet,
1128 3964 1268 4047 petimus
1282 3970 1320 4027 ut

366 4070 399 4129 et
414 4062 475 4129 hoo
488 4063 589 4129 literis
604 4063 681 4148 ipsis
696 4063 866 4130 elucescat.
896 4065 1021 4131 Videte.
