3225 5192
399 684 460 746 198
714 694 1033 741 omnnnmsrmooer

397 823 494 903 prout
509 814 579 900 ejus
594 812 716 899 expetit
731 812 886 879 sauctitas
899 811 1069 890 honorare,
1084 817 1119 877 et
1134 831 1154 875 a
1167 817 1256 877 terra
1267 812 1352 877 leva-

397 926 480 999 tum,
496 927 529 984 et
544 917 706 1001 condigna
719 915 815 981 theca
827 914 1016 999 repositum,
1035 914 1073 978 in
1090 912 1236 998 publicae
1252 914 1353 979 totius
1382 928 1388 937 ·

397 1022 509 1107 populi
533 1020 765 1107 gratulationes
787 1019 825 1087 in
847 1018 982 1085 eodesia
1005 1017 1188 1095 sublimare,
1213 1038 1310 1101 quam
1333 1038 1354 1083 a
1475 1018 1479 1023 ’

397 1123 619 1194 fundamentis
639 1128 779 1189 erectam
799 1121 978 1199 coustituit,
995 1127 1029 1187 et
1047 1119 1243 1205 amplissime
1262 1119 1353 1185 dota-

398 1234 478 1307 tam,
497 1226 648 1295 omnibus
666 1248 739 1311 quse
758 1225 800 1294 ad
819 1226 968 1293 decorem
989 1225 1104 1290 domus
1126 1224 1190 1290 Dei
1211 1230 1298 1303 sunt,
1317 1224 1352 1289 in

397 1331 555 1397 honorem
577 1330 641 1396 Dei
661 1339 694 1397 et
718 1329 805 1397 besti
829 1329 919 1398 Petri
941 1328 1147 1395 nobilitatam
1169 1326 1353 1393 beatissime

399 1432 645 1501 consummavit.
686 1432 760 1499 Hoc
775 1431 906 1515 quidem
920 1452 1046 1515 corpus,
1061 1436 1100 1494 ut
1115 1429 1156 1494 ab
1169 1428 1222 1493 his
1237 1429 1354 1513 quibus

399 1536 480 1605 tides
495 1544 533 1601 nt
547 1536 708 1603 eredimus
722 1534 874 1603 habenda
889 1540 949 1612 est,
964 1534 1152 1617 frequenter
1165 1532 1353 1611 audivimus,

400 1647 567 1705 acentum
584 1640 654 1723 jam
674 1639 768 1703 annis
788 1658 891 1721 usque
905 1657 995 1701 nunc
1007 1636 1174 1719 integrum
1188 1634 1352 1719 incorrup-

399 1751 536 1828 tumque
550 1762 626 1807 oum
640 1742 826 1807 visitaretur
839 1741 1009 1805 inventum
1025 1746 1083 1816 est,
1100 1745 1134 1805 et
1149 1740 1206 1823 qui
1223 1739 1300 1803 lieet
1318 1738 1353 1803 in

400 1845 552 1931 conjugio
577 1845 702 1929 positus
728 1844 829 1909 animi
852 1850 965 1909 umen
989 1863 1116 1907 summa
1139 1842 1260 1907 virtute
1283 1847 1354 1907 toto

400 1950 475 2015 vitae
495 1970 562 2016 suae
581 1948 750 2027 curriculo,
765 1955 804 2013 nt
824 1947 1028 2032 praedioatur,
1044 1944 1084 2011 ab
1098 1944 1251 2009 omnibus
1264 1945 1353 2028 virgo

400 2052 587 2136 permansit,
604 2058 637 2116 et
656 2058 729 2135 post
748 2057 888 2115 mortem
907 2049 1006 2115 etiam
1024 2048 1122 2113 beata
1142 2049 1194 2113 sui
1215 2047 1354 2132 corporis

400 2154 641 2237 incorruptione
666 2152 806 2217 donatus
831 2160 892 2217 est.
937 2154 1037 2217 Hunc
1060 2150 1239 2235 pmphetiae
1263 2150 1352 2233 spiri·

290 2309 293 2319 .
400 2262 473 2321 tum
486 2255 648 2334 habuisse,
663 2264 697 2320 et
716 2256 753 2319 in
772 2276 869 2321 carne
889 2255 1062 2339 degentem
1081 2254 1195 2319 fissura
1213 2253 1354 2318 Domino

401 2358 573 2437 revelante,
592 2358 776 2443 predixisse
796 2365 984 2423 constanter
1002 2358 1173 2435 affirmant,
1188 2356 1302 2421 mitem
1319 2361 1354 2420 et

400 2462 640 2533 misericordem
663 2470 696 2527 et
717 2468 927 2529 mansuetum
948 2483 1045 2546 asper
1065 2482 1189 2540 omnes,
1204 2467 1237 2525 et
1258 2458 1353 2523 beato

402 2566 500 2631 Petro
525 2572 593 2631 tam
619 2564 771 2631 devotum
796 2566 896 2631 fuisse
921 2570 1185 2643 commemorant,
1207 2568 1247 2628 ut
1268 2561 1352 2627 diem

402 2690 467 2753 qus
484 2669 585 2754 ipsius
604 2670 744 2738 ecclesiae
764 2670 849 2735 nihil
870 2670 1062 2748 contulerat,
1077 2690 1113 2733 se
1130 2688 1260 2751 prorsus
1275 2668 1352 2733 ami-

402 2773 480 2838 sisse
496 2772 685 2861 deploraret.
730 2773 812 2858 Ejus
826 2773 932 2838 adhuc
946 2773 1035 2855 leges
1053 2772 1141 2855 apud
1157 2794 1217 2836 nos
1231 2771 1354 2856 judicia

401 2883 595 2961 temperant,
621 2882 655 2941 et
684 2878 778 2961 regui
806 2877 858 2943 sui
886 2896 1043 2960 pauperes
1067 2895 1169 2958 usque
1197 2873 1294 2940 hodie
1317 2874 1352 2938 in

402 2980 514 3045 multis
535 2979 651 3044 illaesos
665 2979 797 3064 provida
810 2978 911 3064 ipsius
926 2976 1213 3061 circumspectione
1227 2997 1352 3041 conser-

402 3088 490 3145 vant.
536 3080 704 3145 Honorem
732 3102 807 3149 vero
837 3082 892 3165 qui
921 3081 1040 3147 sanctis
1069 3080 1249 3159 exhibetur,
1279 3082 1354 3163 quia

403 3182 543 3247 Domino
568 3184 693 3267 placere
717 3206 785 3249 non
811 3184 1016 3269 ambigimus,
1042 3184 1079 3251 iu
1101 3184 1164 3250 hoo
1189 3183 1354 3250 communi

402 3292 476 3351 voto
498 3286 665 3351 serenitati
685 3295 800 3355 venue
822 3272 1049 3373 snpplicamds,
1063 3295 1102 3354 ut
1123 3310 1263 3372 reguum
1284 3288 1352 3351 An-

403 3389 476 3472 gliae
505 3390 685 3473 apostolieae
722 3412 848 3477 semper
883 3393 1076 3459 sublimitati
1112 3392 1353 3458 devotissimum

402 3491 576 3573 honoretis,
603 3502 637 3559 et
662 3495 791 3561 fidelem
815 3498 982 3581 populum,
1005 3497 1075 3580 regi
1104 3518 1163 3561 suo
1188 3516 1286 3579 quem
1310 3494 1352 3560 ob

402 3596 507 3661 multa
521 3618 593 3680 qum
607 3597 786 3682 epistolaris
806 3621 875 3665 nou
894 3602 979 3685 capit
999 3601 1159 3683 angustia,
1173 3620 1247 3664 vere
1261 3619 1352 3663 sanc-

402 3705 474 3763 tum
498 3701 692 3781 existimant,
717 3702 864 3769 debitum
887 3704 1007 3769 sanctis
1029 3704 1186 3769 honorem
1208 3710 1243 3767 et
1265 3722 1351 3767 reve-

389 3802 541 3867 rentiam
570 3804 721 3871 exhibere
749 3806 942 3873 concedatis.
987 3807 1164 3873 conservet
1187 3828 1242 3871 vos
1264 3806 1351 3870 inco-

386 3904 523 3981 lumem
547 3907 582 3971 in
606 3907 704 3993 longa
729 3917 875 3994 tempora
898 3910 1006 3976 divine
1029 3911 1140 3990 virtus,
1165 3910 1202 3974 in
1223 3908 1351 3973 Christo

402 4007 517 4075 dilecte
532 4017 633 4094 pater.
