3225 5192
226 664 291 711 an.
310 646 511 731 nro-ou]
562 668 1054 719 111110101111111111110111.
1119 660 1180 723 141

225 783 326 849 redire
351 785 494 867 poterit?
539 785 645 851 Absit.
695 787 759 851 Sed
785 790 912 855 veniam
937 780 1063 875 petenti
1087 797 1182 860 venia

226 892 364 972 dabitur,
381 894 408 957 si
430 901 542 959 tamen
564 916 640 959 cum
662 894 762 959 101111
784 896 910 979 copiam
934 898 1024 962 Deus
1046 899 1181 980 dederit,

228 996 352 1060 animus
367 1004 472 1061 vester
490 997 532 1062 ab
551 999 695 1063 oratione
716 1020 783 1063 non
798 999 965 1084 discrepet.
1010 1003 1095 1067 Ecce
1113 1005 1182 1088 jam

229 1098 262 1161 in
276 1119 445 1163 occursum
461 1108 602 1164 vestrum
620 1108 711 1165 vetus
726 1102 858 1167 festinat
873 1104 1005 1167 amicus.
1051 1106 1125 1170 lam
1146 1106 1182 1169 in

230 1201 321 1265 domo
336 1203 437 1286 patris
452 1204 515 1267 mei
535 1204 666 1269 auditur
686 1207 878 1290 symphonia
897 1215 930 1272 et
949 1209 1077 1288 chorus,
1093 1211 1182 1275 exul·

229 1311 298 1369 tent
320 1305 445 1384 famuli,
466 1306 623 1371 occiditur
645 1308 765 1372 vitulus
792 1310 968 1393 saginatus,
988 1312 1071 1377 stola
1092 1313 1181 1378 vobis

229 1414 359 1490 paratur
369 1416 402 1473 et
418 1410 567 1475 annulus.
599 1411 739 1495 Expedit
754 1434 832 1495 ergo
845 1420 884 1478 ut
898 1415 1029 1498 utrique
1042 1416 1181 1482 vitulum

229 1510 263 1573 in
283 1510 366 1575 ostio
387 1511 585 1577 tabernaculi
603 1536 661 1597 pro
681 1524 814 1598 peccato
832 1516 952 1600 puriter
965 1519 1182 1599 immolemus,

231 1614 381 1697 quatinus
402 1636 485 1698 aqna
504 1616 679 1681 sanctuarii
698 1616 773 1681 lotis
792 1618 937 1701 pedibus,
954 1628 1042 1687 veste
1057 1643 1182 1707 compe·

230 1717 310 1780 tenti
325 1717 445 1781 iterum
459 1717 576 1797 induti,
593 1718 761 1803 epulemur
776 1720 873 1785 simul
887 1728 921 1786 et
935 1724 1125 1804 exultemus,
1140 1746 1183 1789 ne

231 1818 407 1902 glorientur
424 1820 465 1884 de
484 1820 577 1884 nobis
596 1820 723 1901 fratres,
739 1822 795 1905 qui
815 1821 989 1889 discordias
1010 1827 1181 1907 seminant,

230 1928 262 1986 et
284 1923 433 1987 0110111111
456 1923 492 1986 in
511 1922 607 1987 rebus
627 1925 784 2007 pessimis,
803 1925 861 1989 sed
883 1926 1126 1994 confundantur
1149 1940 1182 1996 et

229 2034 361 2109 pereant
373 2047 446 2090 cum
461 2026 510 2091 his
522 2026 577 2110 qui
587 2026 721 2111 perdere
732 2029 1027 2097 cunctnfestinaut.
1051 2032 1181 2099 Valete.

261 2357 483 2423 EPISTOLA
505 2358 686 2423 CXL—sn
703 2379 884 2424 nonunrnu
899 2380 1148 2426 110110111111

550 2481 864 2526 1101111110011111.

232 2612 323 2680 Petri
339 2632 396 2705 Ι100
416 2618 446 2675 et
466 2612 588 2677 domim
606 2614 645 2676 R.
661 2614 723 2676 Dei
743 2614 853 2695 pratia
866 2612 1058 2676 Eboraccnai
1080 2616 1182 2677 aredi-

272 2715 422 2795 0111οφ0,
430 2714 538 2796 frater
558 2714 596 2777 G.
611 2714 862 2798 Heresordicaeie
880 2716 1013 2778 ecclesie
1032 2716 1183 2796 minister,
1263 2803 1274 2816 „

271 2818 402 2881 salutem
416 2822 446 2881 01
460 2818 629 2881 sevitium.
650 2863 652 2867 -

274 2967 403 3031 Srrnsr
432 2967 664 3033 delectabiliter
692 2967 806 3033 hortus
836 2974 1028 3047 aromatum,
1058 2974 1091 3032 et
1119 2968 1184 3033 fra·

231 3072 390 3155 grantiam
401 3092 531 3136 suavem
543 3072 599 3136 dat
614 3072 749 3137 odorum
759 3072 937 3137 multorum
951 3070 987 3134 iu
1001 3092 1106 3135 unum
1120 3072 1182 3136 sibi

228 3176 341 3259 juncta
369 3176 518 3239 suavitas.
563 3174 639 3239 'Pale
668 3182 760 3259 pater
789 3174 943 3259 quiddam
967 3180 1074 3238 vestra
1101 3175 1183 3239 mihi

231 3278 348 3361 pagiua
362 3278 508 3357 contulit,
525 3299 622 3362 quam
638 3299 723 3362 soepe
741 3280 812 3363 jam
830 3279 949 3342 lectam
966 3278 1045 3341 dum
1061 3289 1182 3361 repeto,

231 3380 324 3445 horto
343 3380 438 3465 plane
459 3381 598 3464 quodam
618 3381 698 3445 mihi
719 3382 830 3445 videor
853 3382 959 3445 inesse
985 3380 1181 3445 deliciarum.

234 3482 319 3549 Hinc
334 3484 421 3548 enim
439 3483 620 3549 favorabilis
639 3484 695 3549 ille
708 3492 860 3549 venustas
875 3483 1003 3569 eloquii,
1019 3483 1096 3549 inde
1111 3505 1184 3548 sen·

231 3588 407 3651 tentiarum
422 3586 502 3651 mihi
517 3588 616 3671 spirat
631 3588 698 3651 alta
711 3586 924 3671 prolimditas,
935 3593 973 3650 ut
988 3586 1067 3651 dum
1082 3585 1184 3671 delec-

232 3696 279 3753 tat
297 3690 419 3774 pariter
432 3696 465 3754 et
484 3690 621 3769 edificat,
637 3690 805 3775 alligatum
823 3711 910 3754 nexu
933 3690 1064 3772 gemino
1077 3696 1184 3753 totum

232 3793 335 3875 rapiat
356 3793 392 3856 in
414 3813 448 3857 10
468 3814 563 3856 suum
585 3793 703 3876 pagiua
722 3794 791 3877 jam
815 3792 903 3856 dicta
923 3791 1085 3856 lectorem.
1130 3790 1185 3855 Ad

232 3902 355 3977 patrem
370 3894 468 3959 verba
484 3896 738 3974 transmiseram,
754 3901 787 3959 et
804 3894 964 3979 placidum
982 3894 1102 3957 mentis
1117 3914 1185 3956 ves-

233 4004 292 4061 trae
315 3997 594 4081 tranquillitatem,
614 4018 668 4062 me
690 4019 787 4081 quam
809 4018 924 4082 parum
945 3996 1025 4061 libet
1046 4002 1185 4078 attemp-

233 4106 316 4164 tasse
343 4108 475 4167 moestus
501 4122 538 4165 10
560 4101 714 4165 sollicitus
741 4102 978 4185 deplanxem
1025 4097 1090 4162 Sed
1112 4117 1186 4161 ecce

233 4204 399 4286 planctum
418 4204 498 4267 mihi
518 4204 703 4268 convertisti
722 4205 758 4268 in
781 4204 946 4288 gaudium,
962 4210 995 4267 et
1016 4202 1111 4265 beate
1132 4220 1186 4262 me

234 4305 403 4390 deliquisse
418 4308 583 4386 confiteor,
597 4307 651 4390 qui
666 4306 702 4371 iu
712 4307 836 4390 peccati
849 4303 1104 4370 vicissitudinem
1119 4320 1186 4363 uon
