3225 5192
154 785 163 804 ι
265 717 332 761 ω.
349 695 548 779 1161-89.]
598 714 847 762 nounournusrs
863 714 1041 764 rrrsroam.
1151 699 1216 766 26⁷

261 834 307 898 ris
326 831 596 912 archidiaconum,
612 839 645 897 et
663 833 785 897 domini
803 835 907 899 nostri
927 837 1012 921 regis
1031 837 1181 916 electum,
1199 857 1219 902 e

261 934 394 999 milibus
415 955 483 999 non
504 935 722 1000 consiliarium
742 936 953 1018 solummodo,
969 939 1026 1003 sed
1044 961 1100 1004 oor
1118 940 1218 1004 fluisse

263 1043 390 1102 condet
416 1045 450 1102 et
475 1037 655 1118 consilium,
677 1039 748 1105 sine
768 1061 839 1124 quo
864 1062 931 1107 non
957 1042 1088 1126 quidem
1110 1042 1215 1121 facile,

262 1140 411 1205 sednon
437 1147 506 1204 erat
534 1141 685 1224 possibile
711 1141 753 1206 ob
777 1143 848 1208 haec
873 1145 1007 1210 omnino
1032 1145 1217 1230 quempiam

263 1243 411 1309 obtinere
430 1246 658 1328 progressum?
682 1244 776 1310 nobis
799 1245 910 1332 itaque
932 1269 1029 1333 quam
1051 1248 1138 1333 apud
1163 1267 1218 1314 vos

265 1347 402 1430 gratiam
427 1347 661 1428 collocavimus,
684 1370 765 1413 num
788 1368 847 1434 per
868 1371 928 1416 nos
954 1357 1011 1416 aut
1035 1371 1094 1436 per
1117 1351 1217 1416 alium

263 1456 403 1513 vestram
417 1469 563 1533 unquam
580 1451 718 1535 gratiam
732 1453 836 1516 xeniis
855 1460 912 1517 aut
931 1453 1092 1539 obsequiis
1111 1459 1217 1519 atten-

261 1551 413 1631 tavimus,
428 1559 467 1616 ut
483 1552 524 1616 ad
540 1553 626 1636 quod
640 1554 703 1618 nisi
717 1575 775 1638 per
789 1577 844 1619 vos
859 1555 978 1640 attingi
993 1577 1063 1621 non
1081 1563 1218 1640 poteret,

262 1653 299 1717 in
319 1653 353 1717 id
372 1675 432 1738 ope
452 1661 559 1719 vestra
577 1655 841 1720 sublevaremur?
866 1658 944 1722 hinc
963 1664 1108 1724 nostram
1127 1663 1221 1742 pater

261 1755 387 1839 justum
407 1763 456 1821 est
475 1757 584 1822 metiri
601 1758 821 1843 prudentiam,
837 1762 947 1844 quales
958 1778 1022 1826 nos
1041 1761 1112 1824 aliis
1131 1760 1222 1825 exhi·

264 1857 440 1939 buerimus,
464 1859 519 1942 qui
549 1881 610 1925 nec
635 1868 749 1927 vestrae
774 1863 959 1928 celsitudini
985 1885 1083 1947 quam
1107 1883 1218 1927 rerum

265 1981 392 2026 summa
413 1961 608 2045 sequebatur
622 1964 663 2027 ad
676 1970 772 2048 turpe
787 1966 967 2050 supplicare
982 1967 1219 2050 compendium,

264 2083 325 2128 nec
340 2064 448 2148 aliqua
461 2065 578 2129 favoris
594 2066 699 2149 gratia
711 2087 857 2150 unquam
872 2068 922 2132 val
936 2069 973 2132 in
986 2069 1113 2133 modico
1127 2067 1220 2132 blan-

266 2171 328 2235 diri
353 2171 545 2235 curavimus.
599 2172 682 2236 Rem
711 2171 772 2236 hoc
800 2172 867 2236 line
895 2172 1128 2250 concludimus,
1158 2171 1220 2236 hoc

264 2273 358 2339 nobis
378 2275 460 2338 orins
479 2274 542 2358 ipsi
561 2273 760 2339 confidenter
779 2273 985 2358 imponimus,
999 2279 1039 2338 ut
1061 2275 1104 2338 sit
1121 2272 1219 2338 nobis

265 2377 321 2442 illa
334 2377 387 2441 die
399 2378 587 2461 repositum,
603 2377 631 2441 si
648 2398 709 2441 nos
723 2377 822 2462 hujus
837 2377 940 2461 culpa
953 2377 1098 2442 conscios
1109 2375 1148 2440 in
1162 2375 1219 2440 ali-

266 2499 330 2563 quo
343 2476 551 2563 reprehendit
569 2497 624 2542 cor
642 2485 801 2543 nostrum.
846 2476 927 2541 Non
945 2485 1090 2541 nostram
1108 2475 1220 2561 itaque

265 2587 359 2666 pater
380 2603 448 2646 non
470 2588 614 2646 nostram
640 2579 676 2644 in
698 2586 806 2644 vestra
829 2579 1033 2663 promotione
1056 2579 1219 2662 repulsam

265 2685 457 2769 planximus.
498 2685 560 2750 Illo
575 2683 705 2768 quidem
720 2683 772 2747 die
786 2703 854 2747 non
868 2688 981 2747 nostra
994 2699 1147 2765 qnaerere,
1162 2679 1219 2744 sed

268 2809 340 2871 qnae
354 2789 488 2853 Domini
505 2787 607 2853 nostri
623 2787 645 2850 J
646 2808 701 2851 esu
717 2786 849 2865 Christi,
866 2805 935 2849 non
954 2783 1057 2864 nobis,
1072 2782 1130 2847 sed
1150 2785 1219 2867 ejus

267 2890 392 2955 nomini
410 2891 446 2954 in
466 2889 616 2955 omnibus
637 2888 771 2972 gloriam
792 2887 936 2952 exhiberi
957 2891 1028 2951 toto
1050 2884 1154 2950 cordis
1173 2885 1220 2949 ai-

266 2995 355 3059 fectu
370 2995 629 3072 desideravimus,
646 2993 851 3058 attendentes
865 3009 935 3055 rem
950 3009 1042 3055 secus
1056 2990 1126 3054 fleri
1144 3011 1219 3055 oon-

267 3098 439 3163 doluimus.
466 3098 645 3162 Cernentes
658 3097 711 3181 jus
726 3095 868 3160 ecelesiae
882 3092 1035 3173 subverti,
1050 3093 1099 3158 fus
1114 3093 1218 3158 nefas-

267 3221 330 3285 que
345 3199 511 3278 confnndi,
527 3199 648 3263 montis
661 3198 748 3262 illius
766 3197 878 3281 magni
893 3217 988 3280 quem
1007 3195 1114 3260 dicitis
1126 3195 1220 3261 deor·

266 3325 340 3368 sum
355 3323 509 3367 cacumen
522 3301 654 3380 inflecti,
670 3321 821 3386 sponsam
836 3299 956 3365 Christi
976 3297 1126 3364 libertate
1139 3299 1221 3383 pris·

265 3411 347 3485 tina,
364 3405 426 3469 sibi
441 3425 566 3489 semper
580 3424 683 3487 usque
702 3411 782 3468 tuuc
797 3402 966 3468 observata
979 3409 1171 3480 reverenter,
1187 3409 1221 3466 et

267 3506 410 3571 exhibita
424 3505 638 3571 invereosmde
660 3505 786 3590 privari,
803 3505 877 3570 altis
897 3504 1011 3589 utiquc
1032 3505 1069 3568 in
1087 3505 1221 3570 domino

269 3609 411 3694 suspiriis
432 3609 658 3694 ingemuimus,
675 3617 708 3674 et
728 3609 876 3674 dolomm
891 3629 970 3694 quos
989 3628 1079 3673 nunc
1099 3609 1221 3692 experi-

268 3735 342 3778 mur
356 3713 491 3792 assidue,
506 3712 740 3796 praelibationes
760 3719 793 3777 et
808 3711 964 3796 presagia
978 3719 1067 3777 certa
1081 3713 1220 3796 quadam

269 3817 368 3880 divini
383 3816 512 3900 spiritus
526 3815 753 3896 insinuatione,
769 3817 865 3880 multi
880 3816 1011 3900 quidam
1031 3817 1067 3878 in
1088 3815 1221 3880 ecclesia
1322 3833 1324 3837 ·

270 3919 330 3984 Dei
344 3919 579 4004 praesensimus.
615 3918 794 4003 Oportebat
809 3919 960 4002 equidem
975 3921 1042 4004 ejus
1058 3925 1139 3983 tunc
1153 3940 1220 3983 me-

268 4024 400 4088 minisse
415 4023 502 4108 quod
516 4021 670 4107 scriptum
685 4029 745 4102 est,
763 4022 901 4087 Difficile
915 4030 966 4087 est
986 4030 1026 4087 nt
1047 4021 1135 4087 bono
1150 4041 1221 4104 per·

269 4133 407 4210 agantur
416 4127 521 4206 exitu,
538 4146 610 4210 quae
624 4126 718 4191 malis
733 4125 856 4190 fuerint
871 4125 1022 4191 inchoata
1035 4123 1221 4209 principiis3

269 4230 309 4293 ad
330 4230 398 4313 ipsa
419 4229 549 4313 quidem
571 4229 599 4293 si
619 4251 823 4294 recurramus
842 4229 948 4306 initia,
963 4227 1035 4310 quis
1054 4231 1125 4290 toto
1142 4223 1222 4289 orbe

263 4339 388 4410 nostro,
411 4333 482 4417 quis
504 4333 641 4416 ignorat,
665 4333 736 4416 quis
758 4341 827 4396 tam
848 4329 1019 4413 resupinus
1041 4340 1078 4391 ut
1099 4326 1223 4392 nesciat
