<?xml version="1.0" encoding="UTF-8"?>
<!DOCTYPE html PUBLIC "-//W3C//DTD XHTML 1.0 Transitional//EN"
    "http://www.w3.org/TR/xhtml1/DTD/xhtml1-transitional.dtd">
<html xmlns="http://www.w3.org/1999/xhtml" xml:lang="en" lang="en">
 <head>
  <title>
</title>
<meta http-equiv="Content-Type" content="text/html;charset=utf-8" />
  <meta name='ocr-system' content='tesseract 3.04.00' />
  <meta name='ocr-capabilities' content='ocr_page ocr_carea ocr_par ocr_line ocrx_word'/>
</head>
<body>
  <div class='ocr_page' id='page_1' title='image "./gilbertiexabbat00gilegoog_0386.png"; bbox 0 0 3225 5192; ppageno 0'>
   <div class='ocr_carea' id='block_1_1' title="bbox 257 643 1213 735">
    <p class='ocr_par' dir='ltr' id='par_1_1' title="bbox 257 643 1213 735">
     <span class='ocr_line' id='line_1_1' title="bbox 257 643 1213 735; baseline -0.001 -23"><span class='ocrx_word' id='word_1_1' title='bbox 257 671 323 714; x_wconf 66' lang='lat' dir='ltr'><strong><em>nn.</em></strong></span> <span class='ocrx_word' id='word_1_2' title='bbox 342 651 539 735; x_wconf 77' lang='lat' dir='ltr'><strong><em>nol-sa]</em></strong></span> <span class='ocrx_word' id='word_1_3' title='bbox 590 643 1032 716; x_wconf 70' lang='lat' dir='ltr'><strong><em>uonnomuusrsuimronn.</em></strong></span> <span class='ocrx_word' id='word_1_4' title='bbox 1147 643 1213 712; x_wconf 70' lang='lat'><strong><em>34!</em></strong></span> 
     </span>
    </p>
   </div>
   <div class='ocr_carea' id='block_1_2' title="bbox 256 785 1271 1268">
    <p class='ocr_par' dir='ltr' id='par_1_2' title="bbox 256 785 1271 1268">
     <span class='ocr_line' id='line_1_2' title="bbox 256 785 1271 872; baseline -0.002 -17"><span class='ocrx_word' id='word_1_5' title='bbox 256 801 357 857; x_wconf 88' lang='lat' dir='ltr'><strong><em>nante</em></strong></span> <span class='ocrx_word' id='word_1_6' title='bbox 376 794 457 872; x_wconf 91' lang='lat' dir='ltr'><strong><em>Deo,</em></strong></span> <span class='ocrx_word' id='word_1_7' title='bbox 473 795 607 858; x_wconf 87' lang='lat' dir='ltr'><strong><em>eeclesia</em></strong></span> <span class='ocrx_word' id='word_1_8' title='bbox 620 816 697 872; x_wconf 89' lang='lat' dir='ltr'><strong><em>una,</em></strong></span> <span class='ocrx_word' id='word_1_9' title='bbox 714 785 768 857; x_wconf 73' lang='lat' dir='ltr'><strong><em>sie&#39;</em></strong></span> <span class='ocrx_word' id='word_1_10' title='bbox 780 793 823 857; x_wconf 87' lang='lat' dir='ltr'><strong><em>sit</em></strong></span> <span class='ocrx_word' id='word_1_11' title='bbox 845 800 879 858; x_wconf 88' lang='lat' dir='ltr'><strong><em>et</em></strong></span> <span class='ocrx_word' id='word_1_12' title='bbox 900 794 936 857; x_wconf 88' lang='lat' dir='ltr'><strong><em>in</em></strong></span> <span class='ocrx_word' id='word_1_13' title='bbox 957 792 1077 858; x_wconf 86' lang='lat' dir='ltr'><strong><em>talibus</em></strong></span> <span class='ocrx_word' id='word_1_14' title='bbox 1099 791 1212 855; x_wconf 88' lang='lat' dir='ltr'><strong><em>eadem</em></strong></span> <span class='ocrx_word' id='word_1_15' title='bbox 1263 800 1271 812; x_wconf 88' lang='lat'>&#39;</span> 
     </span>
     <span class='ocr_line' id='line_1_3' title="bbox 257 891 1217 960; baseline 0 0"><span class='ocrx_word' id='word_1_16' title='bbox 257 897 404 960; x_wconf 89' lang='lat' dir='ltr'><strong><em>omnium</em></strong></span> <span class='ocrx_word' id='word_1_17' title='bbox 427 896 589 960; x_wconf 87' lang='lat' dir='ltr'><strong><em>sententia</em></strong></span> <span class='ocrx_word' id='word_1_18' title='bbox 614 905 647 960; x_wconf 88' lang='lat' dir='ltr'><strong><em>et</em></strong></span> <span class='ocrx_word' id='word_1_19' title='bbox 673 896 757 960; x_wconf 88' lang='lat' dir='ltr'><strong><em>actio</em></strong></span> <span class='ocrx_word' id='word_1_20' title='bbox 783 917 850 960; x_wconf 90' lang='lat' dir='ltr'><strong><em>non</em></strong></span> <span class='ocrx_word' id='word_1_21' title='bbox 877 895 987 959; x_wconf 79' lang='lat' dir='ltr'><strong><em>divisa</em></strong></span> <span class='ocrx_word' id='word_1_22' title='bbox 1030 891 1217 960; x_wconf 78' lang='lat' dir='ltr'><strong><em>Sententia</em></strong></span> 
     </span>
     <span class='ocr_line' id='line_1_4' title="bbox 257 994 1213 1081; baseline -0.004 -21"><span class='ocrx_word' id='word_1_23' title='bbox 257 1017 325 1060; x_wconf 90' lang='lat' dir='ltr'><strong><em>non</em></strong></span> <span class='ocrx_word' id='word_1_24' title='bbox 346 997 593 1080; x_wconf 80' lang='lat' dir='ltr'><strong><em>praejudicamus</em></strong></span> <span class='ocrx_word' id='word_1_25' title='bbox 615 998 744 1077; x_wconf 86' lang='lat' dir='ltr'><strong><em>saniori,</em></strong></span> <span class='ocrx_word' id='word_1_26' title='bbox 763 999 820 1081; x_wconf 92' lang='lat' dir='ltr'><strong><em>qui</em></strong></span> <span class='ocrx_word' id='word_1_27' title='bbox 841 1018 896 1062; x_wconf 81' lang='lat' dir='ltr'><strong><em>ros</em></strong></span> <span class='ocrx_word' id='word_1_28' title='bbox 919 1017 1045 1080; x_wconf 87' lang='lat' dir='ltr'><strong><em>semper</em></strong></span> <span class='ocrx_word' id='word_1_29' title='bbox 1065 994 1213 1078; x_wconf 87' lang='lat' dir='ltr'><strong><em>cupimus</em></strong></span> 
     </span>
     <span class='ocr_line' id='line_1_5' title="bbox 257 1096 1213 1185; baseline -0.003 -22"><span class='ocrx_word' id='word_1_30' title='bbox 257 1100 383 1183; x_wconf 89' lang='lat' dir='ltr'><strong><em>potiora</em></strong></span> <span class='ocrx_word' id='word_1_31' title='bbox 398 1101 523 1164; x_wconf 86' lang='lat' dir='ltr'><strong><em>sectari.</em></strong></span> <span class='ocrx_word' id='word_1_32' title='bbox 557 1100 674 1164; x_wconf 83' lang='lat' dir='ltr'>Valere</span> <span class='ocrx_word' id='word_1_33' title='bbox 689 1123 744 1166; x_wconf 90' lang='lat' dir='ltr'><strong><em>vos</em></strong></span> <span class='ocrx_word' id='word_1_34' title='bbox 760 1107 908 1185; x_wconf 85' lang='lat' dir='ltr'><strong><em>optamus</em></strong></span> <span class='ocrx_word' id='word_1_35' title='bbox 927 1101 964 1163; x_wconf 89' lang='lat' dir='ltr'><strong><em>in</em></strong></span> <span class='ocrx_word' id='word_1_36' title='bbox 984 1099 1135 1177; x_wconf 88' lang='lat' dir='ltr'><strong><em>Domino,</em></strong></span> <span class='ocrx_word' id='word_1_37' title='bbox 1150 1096 1213 1160; x_wconf 83' lang='lat' dir='ltr'><strong><em>fra·</em></strong></span> 
     </span>
     <span class='ocr_line' id='line_1_6' title="bbox 258 1203 712 1268; baseline 0.004 -3"><span class='ocrx_word' id='word_1_38' title='bbox 258 1210 309 1266; x_wconf 90' lang='lat' dir='ltr'><strong><em>ter</em></strong></span> <span class='ocrx_word' id='word_1_39' title='bbox 323 1203 358 1265; x_wconf 92' lang='lat' dir='ltr'><strong><em>in</em></strong></span> <span class='ocrx_word' id='word_1_40' title='bbox 374 1203 503 1267; x_wconf 88' lang='lat' dir='ltr'><strong><em>Christo</em></strong></span> <span class='ocrx_word' id='word_1_41' title='bbox 519 1203 712 1268; x_wconf 88' lang='lat' dir='ltr'><strong><em>carissimus.</em></strong></span> 
     </span>
    </p>
   </div>
   <div class='ocr_carea' id='block_1_3' title="bbox 427 1446 1047 1572">
    <p class='ocr_par' dir='ltr' id='par_1_3' title="bbox 427 1446 1047 1572">
     <span class='ocr_line' id='line_1_7' title="bbox 427 1446 1047 1572; baseline -0.005 -3"><span class='ocrx_word' id='word_1_42' title='bbox 427 1446 648 1572; x_wconf 78' lang='lat' dir='ltr'><strong>EPIS&#39;l&#39;OLA</strong></span> <span class='ocrx_word' id='word_1_43' title='bbox 670 1505 876 1571; x_wconf 69' lang='lat' dir='ltr'><strong><em>cem-nn</em></strong></span> <span class='ocrx_word' id='word_1_44' title='bbox 892 1525 1047 1568; x_wconf 72' lang='lat' dir='ltr'><strong><em>ananum.</em></strong></span> 
     </span>
    </p>
   </div>
   <div class='ocr_carea' id='block_1_4' title="bbox 268 1654 1216 1942">
    <p class='ocr_par' dir='ltr' id='par_1_4' title="bbox 268 1654 1216 1942">
     <span class='ocr_line' id='line_1_8' title="bbox 268 1654 1216 1738; baseline -0.004 -19"><span class='ocrx_word' id='word_1_45' title='bbox 268 1657 441 1720; x_wconf 78' lang='lat' dir='ltr'><strong><em>Venerabili</em></strong></span> <span class='ocrx_word' id='word_1_46' title='bbox 461 1654 566 1738; x_wconf 74' lang='lat' dir='ltr'><strong><em>fratri</em></strong></span> <span class='ocrx_word' id='word_1_47' title='bbox 591 1661 622 1720; x_wconf 86' lang='lat' dir='ltr'><strong><em>et</em></strong></span> <span class='ocrx_word' id='word_1_48' title='bbox 650 1657 749 1718; x_wconf 84' lang='lat' dir='ltr'><strong><em>amico</em></strong></span> <span class='ocrx_word' id='word_1_49' title='bbox 773 1656 894 1737; x_wconf 74' lang='lat' dir='ltr'><strong><em>Rapere</em></strong></span> <span class='ocrx_word' id='word_1_50' title='bbox 923 1654 1129 1736; x_wconf 73' lang='lat' dir='ltr'><strong><em>Wryornienei</em></strong></span> <span class='ocrx_word' id='word_1_51' title='bbox 1154 1655 1216 1716; x_wconf 85' lang='lat' dir='ltr'><strong><em>Dei</em></strong></span> 
     </span>
     <span class='ocr_line' id='line_1_9' title="bbox 301 1757 1215 1840; baseline -0.001 -21"><span class='ocrx_word' id='word_1_52' title='bbox 301 1761 409 1840; x_wconf 68' lang='lat' dir='ltr'><strong><em>pratia</em></strong></span> <span class='ocrx_word' id='word_1_53' title='bbox 423 1759 572 1838; x_wconf 65' lang='lat' dir='ltr'><strong><em>enisam,</em></strong></span> <span class='ocrx_word' id='word_1_54' title='bbox 580 1757 688 1837; x_wconf 85' lang='lat' dir='ltr'><strong><em>frater</em></strong></span> <span class='ocrx_word' id='word_1_55' title='bbox 706 1757 862 1820; x_wconf 82' lang='lat' dir='ltr'><strong><em>Giliertns</em></strong></span> <span class='ocrx_word' id='word_1_56' title='bbox 879 1757 1103 1819; x_wconf 78' lang='lat' dir='ltr'><strong><em>Londoniensis</em></strong></span> <span class='ocrx_word' id='word_1_57' title='bbox 1121 1757 1215 1834; x_wconf 77' lang='lat' dir='ltr'><strong><em>eccle-</em></strong></span> 
     </span>
     <span class='ocr_line' id='line_1_10' title="bbox 304 1859 1192 1942; baseline -0.005 -18"><span class='ocrx_word' id='word_1_58' title='bbox 304 1862 358 1924; x_wconf 77' lang='lat' dir='ltr'><strong><em>sie</em></strong></span> <span class='ocrx_word' id='word_1_59' title='bbox 373 1861 522 1938; x_wconf 75' lang='lat' dir='ltr'><strong><em>minister,</em></strong></span> <span class='ocrx_word' id='word_1_60' title='bbox 538 1862 668 1924; x_wconf 81' lang='lat' dir='ltr'><strong><em>salutern</em></strong></span> <span class='ocrx_word' id='word_1_61' title='bbox 684 1867 713 1923; x_wconf 86' lang='lat' dir='ltr'><strong><em>et</em></strong></span> <span class='ocrx_word' id='word_1_62' title='bbox 728 1859 859 1942; x_wconf 71' lang='lat' dir='ltr'><strong><em>affectio</em></strong></span> <span class='ocrx_word' id='word_1_63' title='bbox 872 1861 976 1922; x_wconf 86' lang='lat' dir='ltr'><strong><em>intimi</em></strong></span> <span class='ocrx_word' id='word_1_64' title='bbox 991 1859 1192 1922; x_wconf 83' lang='lat' dir='ltr'><strong><em>dilectionem.</em></strong></span> 
     </span>
    </p>
   </div>
   <div class='ocr_carea' id='block_1_5' title="bbox 307 1973 1215 2093">
    <p class='ocr_par' dir='ltr' id='par_1_5' title="bbox 307 1973 1215 2093">
     <span class='ocr_line' id='line_1_11' title="bbox 307 1973 1215 2093; baseline -0.003 -20"><span class='ocrx_word' id='word_1_65' title='bbox 307 2011 478 2074; x_wconf 79' lang='lat' dir='ltr'><strong><em>Dmuorus</em></strong></span> <span class='ocrx_word' id='word_1_66' title='bbox 501 1973 587 2074; x_wconf 86' lang='lat' dir='ltr'><strong><em>filius</em></strong></span> <span class='ocrx_word' id='word_1_67' title='bbox 610 2017 730 2088; x_wconf 87' lang='lat' dir='ltr'><strong><em>noster,</em></strong></span> <span class='ocrx_word' id='word_1_68' title='bbox 754 2011 838 2074; x_wconf 88' lang='lat' dir='ltr'><strong><em>lator</em></strong></span> <span class='ocrx_word' id='word_1_69' title='bbox 860 2009 1068 2093; x_wconf 71' lang='lat' dir='ltr'><strong><em>praesentium</em></strong></span> <span class='ocrx_word' id='word_1_70' title='bbox 1091 2007 1215 2075; x_wconf 81' lang='lat' dir='ltr'><strong><em>Willel-</em></strong></span> 
     </span>
    </p>
   </div>
   <div class='ocr_carea' id='block_1_6' title="bbox 263 2112 1219 3324">
    <p class='ocr_par' dir='ltr' id='par_1_6' title="bbox 263 2112 1219 3324">
     <span class='ocr_line' id='line_1_12' title="bbox 264 2112 1216 2198; baseline 0 -22"><span class='ocrx_word' id='word_1_71' title='bbox 264 2136 336 2177; x_wconf 79' lang='lat' dir='ltr'><strong><em>mnr</em></strong></span> <span class='ocrx_word' id='word_1_72' title='bbox 357 2112 397 2178; x_wconf 91' lang='lat' dir='ltr'><strong><em>dc</em></strong></span> <span class='ocrx_word' id='word_1_73' title='bbox 415 2114 565 2192; x_wconf 88' lang='lat' dir='ltr'><strong><em>Northal,</em></strong></span> <span class='ocrx_word' id='word_1_74' title='bbox 582 2114 720 2197; x_wconf 86' lang='lat' dir='ltr'><strong><em>quedam</em></strong></span> <span class='ocrx_word' id='word_1_75' title='bbox 740 2136 861 2198; x_wconf 85' lang='lat' dir='ltr'><strong><em>magna</em></strong></span> <span class='ocrx_word' id='word_1_76' title='bbox 879 2136 914 2178; x_wconf 88' lang='lat' dir='ltr'><strong><em>se</em></strong></span> <span class='ocrx_word' id='word_1_77' title='bbox 933 2114 1047 2178; x_wconf 81' lang='lat' dir='ltr'><strong><em>asserit</em></strong></span> <span class='ocrx_word' id='word_1_78' title='bbox 1069 2134 1125 2196; x_wconf 89' lang='lat' dir='ltr'><strong><em>spe</em></strong></span> <span class='ocrx_word' id='word_1_79' title='bbox 1146 2135 1216 2176; x_wconf 89' lang='lat' dir='ltr'><strong><em>sus-</em></strong></span> 
     </span>
     <span class='ocr_line' id='line_1_13' title="bbox 264 2215 1216 2301; baseline 0 -21"><span class='ocrx_word' id='word_1_80' title='bbox 264 2237 399 2300; x_wconf 88' lang='lat' dir='ltr'><strong><em>pensum</em></strong></span> <span class='ocrx_word' id='word_1_81' title='bbox 415 2218 536 2296; x_wconf 83' lang='lat' dir='ltr'><strong><em>advos,</em></strong></span> <span class='ocrx_word' id='word_1_82' title='bbox 553 2240 649 2300; x_wconf 89' lang='lat' dir='ltr'><strong><em>quam</em></strong></span> <span class='ocrx_word' id='word_1_83' title='bbox 665 2218 705 2282; x_wconf 90' lang='lat' dir='ltr'><strong><em>de</em></strong></span> <span class='ocrx_word' id='word_1_84' title='bbox 719 2218 930 2301; x_wconf 79' lang='lat' dir='ltr'><strong><em>promissione</em></strong></span> <span class='ocrx_word' id='word_1_85' title='bbox 945 2224 1059 2281; x_wconf 75' lang='lat' dir='ltr'><strong><em>vestrae</em></strong></span> <span class='ocrx_word' id='word_1_86' title='bbox 1077 2215 1216 2281; x_wconf 86' lang='lat' dir='ltr'><strong><em>liberali-</em></strong></span> 
     </span>
     <span class='ocr_line' id='line_1_14' title="bbox 263 2319 1217 2403; baseline 0 -21"><span class='ocrx_word' id='word_1_87' title='bbox 263 2321 341 2383; x_wconf 80' lang='lat' dir='ltr'><strong><em>tatis</em></strong></span> <span class='ocrx_word' id='word_1_88' title='bbox 367 2327 399 2383; x_wconf 88' lang='lat' dir='ltr'><strong><em>et</em></strong></span> <span class='ocrx_word' id='word_1_89' title='bbox 425 2321 537 2402; x_wconf 55' lang='lat' dir='ltr'><strong><em>matie</em></strong></span> <span class='ocrx_word' id='word_1_90' title='bbox 561 2319 683 2383; x_wconf 89' lang='lat' dir='ltr'><strong><em>dudum</em></strong></span> <span class='ocrx_word' id='word_1_91' title='bbox 707 2321 864 2403; x_wconf 84' lang='lat' dir='ltr'><strong><em>concepit.</em></strong></span> <span class='ocrx_word' id='word_1_92' title='bbox 909 2319 1056 2384; x_wconf 85' lang='lat' dir='ltr'><strong>Verbum</strong></span> <span class='ocrx_word' id='word_1_93' title='bbox 1078 2340 1217 2402; x_wconf 84' lang='lat' dir='ltr'><strong><em>namque</em></strong></span> 
     </span>
     <span class='ocr_line' id='line_1_15' title="bbox 264 2420 1218 2504; baseline 0 -20"><span class='ocrx_word' id='word_1_94' title='bbox 264 2443 326 2485; x_wconf 90' lang='lat' dir='ltr'><strong><em>nec</em></strong></span> <span class='ocrx_word' id='word_1_95' title='bbox 344 2421 473 2484; x_wconf 87' lang='lat' dir='ltr'><strong><em>irritum</em></strong></span> <span class='ocrx_word' id='word_1_96' title='bbox 492 2420 589 2484; x_wconf 88' lang='lat' dir='ltr'><strong><em>debet</em></strong></span> <span class='ocrx_word' id='word_1_97' title='bbox 608 2443 669 2484; x_wconf 89' lang='lat' dir='ltr'><strong><em>neo</em></strong></span> <span class='ocrx_word' id='word_1_98' title='bbox 682 2442 820 2485; x_wconf 87' lang='lat' dir='ltr'><strong><em>vacuum</em></strong></span> <span class='ocrx_word' id='word_1_99' title='bbox 834 2429 995 2504; x_wconf 82' lang='lat' dir='ltr'><strong><em>reputare,</em></strong></span> <span class='ocrx_word' id='word_1_100' title='bbox 1011 2420 1097 2503; x_wconf 92' lang='lat' dir='ltr'><strong><em>qnod</em></strong></span> <span class='ocrx_word' id='word_1_101' title='bbox 1111 2427 1218 2484; x_wconf 86' lang='lat' dir='ltr'><strong><em>vestra</em></strong></span> 
     </span>
     <span class='ocr_line' id='line_1_16' title="bbox 266 2522 1218 2611; baseline -0.001 -26"><span class='ocrx_word' id='word_1_102' title='bbox 266 2522 327 2586; x_wconf 87' lang='lat' dir='ltr'><strong><em>sibi</em></strong></span> <span class='ocrx_word' id='word_1_103' title='bbox 346 2529 474 2586; x_wconf 89' lang='lat' dir='ltr'><strong><em>constat</em></strong></span> <span class='ocrx_word' id='word_1_104' title='bbox 494 2522 666 2611; x_wconf 73' lang='lat' dir='ltr'><strong><em>sponsione</em></strong></span> <span class='ocrx_word' id='word_1_105' title='bbox 679 2523 855 2586; x_wconf 87' lang='lat' dir='ltr'><strong><em>firmatum.</em></strong></span> <span class='ocrx_word' id='word_1_106' title='bbox 903 2522 1044 2586; x_wconf 86' lang='lat' dir='ltr'><strong><em>Proinde</em></strong></span> <span class='ocrx_word' id='word_1_107' title='bbox 1063 2543 1123 2584; x_wconf 87' lang='lat' dir='ltr'><strong><em>nos</em></strong></span> <span class='ocrx_word' id='word_1_108' title='bbox 1142 2543 1218 2585; x_wconf 92' lang='lat' dir='ltr'><strong><em>cnm</em></strong></span> 
     </span>
     <span class='ocr_line' id='line_1_17' title="bbox 265 2623 1217 2710; baseline -0.002 -20"><span class='ocrx_word' id='word_1_109' title='bbox 265 2626 335 2710; x_wconf 85' lang='lat' dir='ltr'><strong><em>ipso</em></strong></span> <span class='ocrx_word' id='word_1_110' title='bbox 359 2632 392 2689; x_wconf 85' lang='lat' dir='ltr'><strong><em>et</em></strong></span> <span class='ocrx_word' id='word_1_111' title='bbox 417 2647 475 2709; x_wconf 86' lang='lat' dir='ltr'><strong><em>pro</em></strong></span> <span class='ocrx_word' id='word_1_112' title='bbox 500 2625 570 2709; x_wconf 92' lang='lat' dir='ltr'><strong><em>ipso</em></strong></span> <span class='ocrx_word' id='word_1_113' title='bbox 595 2633 709 2690; x_wconf 76' lang='lat' dir='ltr'><strong><em>vestrae</em></strong></span> <span class='ocrx_word' id='word_1_114' title='bbox 736 2625 952 2708; x_wconf 88' lang='lat' dir='ltr'><strong><em>supplicamus</em></strong></span> <span class='ocrx_word' id='word_1_115' title='bbox 976 2623 1217 2704; x_wconf 72' lang='lat' dir='ltr'><strong><em>benevolentias,</em></strong></span> 
     </span>
     <span class='ocr_line' id='line_1_18' title="bbox 267 2727 1217 2819; baseline 0 -25"><span class='ocrx_word' id='word_1_116' title='bbox 267 2731 420 2813; x_wconf 79' lang='lat' dir='ltr'><strong><em>quatinus</em></strong></span> <span class='ocrx_word' id='word_1_117' title='bbox 450 2729 644 2812; x_wconf 78' lang='lat' dir='ltr'><strong><em>propositam</em></strong></span> <span class='ocrx_word' id='word_1_118' title='bbox 675 2729 928 2819; x_wconf 82' lang='lat' dir='ltr'><strong><em>promissamque</em></strong></span> <span class='ocrx_word' id='word_1_119' title='bbox 960 2727 1217 2805; x_wconf 74' lang='lat' dir='ltr'><strong><em>beneficentiam,</em></strong></span> 
     </span>
     <span class='ocr_line' id='line_1_19' title="bbox 267 2830 1217 2916; baseline -0.002 -21"><span class='ocrx_word' id='word_1_120' title='bbox 267 2832 343 2897; x_wconf 87' lang='lat' dir='ltr'><strong><em>data</em></strong></span> <span class='ocrx_word' id='word_1_121' title='bbox 364 2833 452 2896; x_wconf 87' lang='lat' dir='ltr'><strong><em>vobis</em></strong></span> <span class='ocrx_word' id='word_1_122' title='bbox 475 2855 495 2895; x_wconf 89' lang='lat' dir='ltr'><strong><em>a</em></strong></span> <span class='ocrx_word' id='word_1_123' title='bbox 516 2833 657 2897; x_wconf 89' lang='lat' dir='ltr'><strong><em>Domino</em></strong></span> <span class='ocrx_word' id='word_1_124' title='bbox 680 2831 930 2916; x_wconf 84' lang='lat' dir='ltr'><strong><em>opportunitate,</em></strong></span> <span class='ocrx_word' id='word_1_125' title='bbox 947 2837 980 2894; x_wconf 90' lang='lat' dir='ltr'><strong><em>et</em></strong></span> <span class='ocrx_word' id='word_1_126' title='bbox 1002 2830 1053 2894; x_wconf 86' lang='lat' dir='ltr'><strong><em>sui</em></strong></span> <span class='ocrx_word' id='word_1_127' title='bbox 1075 2836 1217 2894; x_wconf 85' lang='lat' dir='ltr'><strong><em>contem-</em></strong></span> 
     </span>
     <span class='ocr_line' id='line_1_20' title="bbox 266 2932 1219 3020; baseline -0.005 -21"><span class='ocrx_word' id='word_1_128' title='bbox 266 2935 417 3020; x_wconf 86' lang='lat' dir='ltr'><strong><em>platioue,</em></strong></span> <span class='ocrx_word' id='word_1_129' title='bbox 436 2943 469 2999; x_wconf 91' lang='lat' dir='ltr'><strong><em>et</em></strong></span> <span class='ocrx_word' id='word_1_130' title='bbox 489 2941 600 2998; x_wconf 86' lang='lat' dir='ltr'><strong><em>nostre</em></strong></span> <span class='ocrx_word' id='word_1_131' title='bbox 619 2935 647 2997; x_wconf 91' lang='lat' dir='ltr'><strong><em>si</em></strong></span> <span class='ocrx_word' id='word_1_132' title='bbox 666 2935 771 3018; x_wconf 89' lang='lat' dir='ltr'><strong><em>placet</em></strong></span> <span class='ocrx_word' id='word_1_133' title='bbox 791 2932 971 3017; x_wconf 77' lang='lat' dir='ltr'><strong><em>promptius</em></strong></span> <span class='ocrx_word' id='word_1_134' title='bbox 992 2933 1158 3015; x_wconf 87' lang='lat' dir='ltr'><strong><em>petitione,</em></strong></span> <span class='ocrx_word' id='word_1_135' title='bbox 1180 2953 1219 2995; x_wconf 87' lang='lat' dir='ltr'><strong><em>ea</em></strong></span> 
     </span>
     <span class='ocr_line' id='line_1_21' title="bbox 266 3034 1217 3121; baseline -0.004 -20"><span class='ocrx_word' id='word_1_136' title='bbox 266 3036 468 3121; x_wconf 83' lang='lat' dir='ltr'><strong><em>benignitate</em></strong></span> <span class='ocrx_word' id='word_1_137' title='bbox 484 3037 670 3120; x_wconf 89' lang='lat' dir='ltr'><strong><em>compleatis</em></strong></span> <span class='ocrx_word' id='word_1_138' title='bbox 684 3037 719 3100; x_wconf 88' lang='lat' dir='ltr'><strong><em>in</em></strong></span> <span class='ocrx_word' id='word_1_139' title='bbox 733 3035 799 3114; x_wconf 87' lang='lat' dir='ltr'><strong><em>illo,</em></strong></span> <span class='ocrx_word' id='word_1_140' title='bbox 815 3043 901 3100; x_wconf 88' lang='lat' dir='ltr'><strong><em>utet</em></strong></span> <span class='ocrx_word' id='word_1_141' title='bbox 916 3042 991 3099; x_wconf 90' lang='lat' dir='ltr'><strong><em>voto</em></strong></span> <span class='ocrx_word' id='word_1_142' title='bbox 1005 3034 1074 3119; x_wconf 88' lang='lat' dir='ltr'><strong><em>ejus</em></strong></span> <span class='ocrx_word' id='word_1_143' title='bbox 1089 3043 1122 3098; x_wconf 87' lang='lat' dir='ltr'><strong><em>et</em></strong></span> <span class='ocrx_word' id='word_1_144' title='bbox 1137 3035 1217 3098; x_wconf 86' lang='lat' dir='ltr'><strong><em>veri-</em></strong></span> 
     </span>
     <span class='ocr_line' id='line_1_22' title="bbox 267 3134 1218 3221; baseline -0.004 -17"><span class='ocrx_word' id='word_1_145' title='bbox 267 3141 328 3204; x_wconf 87' lang='lat' dir='ltr'><strong><em>tati</em></strong></span> <span class='ocrx_word' id='word_1_146' title='bbox 348 3149 461 3204; x_wconf 85' lang='lat' dir='ltr'><strong><em>vestrae</em></strong></span> <span class='ocrx_word' id='word_1_147' title='bbox 480 3140 692 3218; x_wconf 79' lang='lat' dir='ltr'><strong><em>satisfaciatis,</em></strong></span> <span class='ocrx_word' id='word_1_148' title='bbox 714 3139 851 3202; x_wconf 87' lang='lat' dir='ltr'><strong><em>scientes</em></strong></span> <span class='ocrx_word' id='word_1_149' title='bbox 871 3139 946 3221; x_wconf 88' lang='lat' dir='ltr'><strong><em>quia</em></strong></span> <span class='ocrx_word' id='word_1_150' title='bbox 964 3137 1050 3221; x_wconf 90' lang='lat' dir='ltr'><strong><em>quod</em></strong></span> <span class='ocrx_word' id='word_1_151' title='bbox 1070 3134 1218 3216; x_wconf 88' lang='lat' dir='ltr'><strong><em>dicimus,</em></strong></span> 
     </span>
     <span class='ocr_line' id='line_1_23' title="bbox 268 3239 1184 3324; baseline -0.003 -19"><span class='ocrx_word' id='word_1_152' title='bbox 268 3243 395 3306; x_wconf 81' lang='lat' dir='ltr'><strong><em>veritati</em></strong></span> <span class='ocrx_word' id='word_1_153' title='bbox 410 3241 573 3320; x_wconf 87' lang='lat' dir='ltr'><strong><em>debemus,</em></strong></span> <span class='ocrx_word' id='word_1_154' title='bbox 590 3242 675 3324; x_wconf 92' lang='lat' dir='ltr'><strong><em>quod</em></strong></span> <span class='ocrx_word' id='word_1_155' title='bbox 690 3240 919 3324; x_wconf 86' lang='lat' dir='ltr'><strong><em>promittimus,</em></strong></span> <span class='ocrx_word' id='word_1_156' title='bbox 935 3239 1021 3304; x_wconf 87' lang='lat' dir='ltr'><strong><em>fidei.</em></strong></span> <span class='ocrx_word' id='word_1_157' title='bbox 1051 3240 1184 3303; x_wconf 83' lang='lat' dir='ltr'><strong><em>Valete·</em></strong></span> 
     </span>
    </p>
   </div>
   <div class='ocr_carea' id='block_1_7' title="bbox 422 3558 1061 3624">
    <p class='ocr_par' dir='ltr' id='par_1_7' title="bbox 422 3558 1061 3624">
     <span class='ocr_line' id='line_1_24' title="bbox 422 3558 1061 3624; baseline -0.002 -2"><span class='ocrx_word' id='word_1_158' title='bbox 422 3559 643 3623; x_wconf 81' lang='lat' dir='ltr'><strong>EPISTOLA</strong></span> <span class='ocrx_word' id='word_1_159' title='bbox 665 3558 890 3624; x_wconf 64' lang='lat' dir='ltr'><strong><em>ceula-so</em></strong></span> <span class='ocrx_word' id='word_1_160' title='bbox 907 3579 1061 3622; x_wconf 79' lang='lat' dir='ltr'><strong><em>eunoun.</em></strong></span> 
     </span>
    </p>
   </div>
   <div class='ocr_carea' id='block_1_8' title="bbox 179 3703 1220 3978">
    <p class='ocr_par' dir='ltr' id='par_1_8' title="bbox 179 3703 1220 3978">
     <span class='ocr_line' id='line_1_25' title="bbox 179 3703 1220 3792; baseline -0.001 -19"><span class='ocrx_word' id='word_1_161' title='bbox 179 3703 186 3720; x_wconf 93' lang='lat'>&#39;</span> <span class='ocrx_word' id='word_1_162' title='bbox 275 3710 447 3775; x_wconf 81' lang='lat' dir='ltr'><strong><em>Venerabili</em></strong></span> <span class='ocrx_word' id='word_1_163' title='bbox 460 3709 564 3790; x_wconf 73' lang='lat' dir='ltr'><strong><em>fratri</em></strong></span> <span class='ocrx_word' id='word_1_164' title='bbox 586 3716 616 3773; x_wconf 87' lang='lat' dir='ltr'><strong><em>et</em></strong></span> <span class='ocrx_word' id='word_1_165' title='bbox 638 3711 736 3774; x_wconf 86' lang='lat' dir='ltr'><strong><em>amieo</em></strong></span> <span class='ocrx_word' id='word_1_166' title='bbox 751 3711 789 3772; x_wconf 89' lang='lat' dir='ltr'><strong><em>R.</em></strong></span> <span class='ocrx_word' id='word_1_167' title='bbox 807 3709 1015 3792; x_wconf 76' lang='lat' dir='ltr'><strong><em>Wiporniensi</em></strong></span> <span class='ocrx_word' id='word_1_168' title='bbox 1034 3710 1094 3773; x_wconf 86' lang='lat' dir='ltr'><strong><em>Dei</em></strong></span> <span class='ocrx_word' id='word_1_169' title='bbox 1112 3714 1220 3792; x_wconf 73' lang='lat' dir='ltr'><strong><em>qratia</em></strong></span> 
     </span>
     <span class='ocr_line' id='line_1_26' title="bbox 313 3811 1219 3894; baseline 0 -18"><span class='ocrx_word' id='word_1_170' title='bbox 313 3815 461 3894; x_wconf 83' lang='lat' dir='ltr'><strong><em>episcopo,</em></strong></span> <span class='ocrx_word' id='word_1_171' title='bbox 474 3811 584 3893; x_wconf 84' lang='lat' dir='ltr'><strong><em>frater</em></strong></span> <span class='ocrx_word' id='word_1_172' title='bbox 608 3813 646 3875; x_wconf 85' lang='lat' dir='ltr'><strong><em>G.</em></strong></span> <span class='ocrx_word' id='word_1_173' title='bbox 669 3813 893 3876; x_wconf 78' lang='lat' dir='ltr'><strong><em>Lorrdoniensis</em></strong></span> <span class='ocrx_word' id='word_1_174' title='bbox 915 3815 1048 3877; x_wconf 75' lang='lat' dir='ltr'><strong><em>ecclesie</em></strong></span> <span class='ocrx_word' id='word_1_175' title='bbox 1069 3814 1219 3890; x_wconf 84' lang='lat' dir='ltr'><strong><em>minister,</em></strong></span> 
     </span>
     <span class='ocr_line' id='line_1_27' title="bbox 313 3915 702 3978; baseline -0.003 0"><span class='ocrx_word' id='word_1_176' title='bbox 313 3918 486 3978; x_wconf 82' lang='lat' dir='ltr'><strong><em>salutemet</em></strong></span> <span class='ocrx_word' id='word_1_177' title='bbox 502 3915 702 3978; x_wconf 85' lang='lat' dir='ltr'><strong><em>dilectionem.</em></strong></span> 
     </span>
    </p>
   </div>
   <div class='ocr_carea' id='block_1_9' title="bbox 270 4065 1221 4355">
    <p class='ocr_par' dir='ltr' id='par_1_9' title="bbox 270 4065 1221 4355">
     <span class='ocr_line' id='line_1_28' title="bbox 315 4065 1220 4150; baseline -0.003 -19"><span class='ocrx_word' id='word_1_178' title='bbox 315 4069 464 4132; x_wconf 78' lang='lat' dir='ltr'><strong><em>Gnarum</em></strong></span> <span class='ocrx_word' id='word_1_179' title='bbox 481 4065 646 4145; x_wconf 90' lang='lat' dir='ltr'><strong><em>habemus,</em></strong></span> <span class='ocrx_word' id='word_1_180' title='bbox 660 4065 745 4150; x_wconf 90' lang='lat' dir='ltr'><strong><em>quod</em></strong></span> <span class='ocrx_word' id='word_1_181' title='bbox 760 4065 913 4148; x_wconf 86' lang='lat' dir='ltr'><strong><em>magister</em></strong></span> <span class='ocrx_word' id='word_1_182' title='bbox 927 4065 1035 4130; x_wconf 85' lang='lat' dir='ltr'><strong><em>From&#39;</em></strong></span> <span class='ocrx_word' id='word_1_183' title='bbox 1048 4085 1119 4128; x_wconf 86' lang='lat' dir='ltr'><strong><em>eam</em></strong></span> <span class='ocrx_word' id='word_1_184' title='bbox 1134 4065 1220 4147; x_wconf 90' lang='lat' dir='ltr'><strong><em>apud</em></strong></span> 
     </span>
     <span class='ocr_line' id='line_1_29' title="bbox 270 4166 1221 4254; baseline -0.006 -18"><span class='ocrx_word' id='word_1_185' title='bbox 270 4193 325 4236; x_wconf 91' lang='lat' dir='ltr'><strong><em>vos</em></strong></span> <span class='ocrx_word' id='word_1_186' title='bbox 341 4171 477 4254; x_wconf 84' lang='lat' dir='ltr'><strong><em>gratiam</em></strong></span> <span class='ocrx_word' id='word_1_187' title='bbox 492 4169 625 4248; x_wconf 86' lang='lat' dir='ltr'><strong><em>invenit,</em></strong></span> <span class='ocrx_word' id='word_1_188' title='bbox 642 4191 705 4254; x_wconf 89' lang='lat' dir='ltr'><strong><em>qua</em></strong></span> <span class='ocrx_word' id='word_1_189' title='bbox 720 4190 758 4233; x_wconf 89' lang='lat' dir='ltr'><strong><em>ex</em></strong></span> <span class='ocrx_word' id='word_1_190' title='bbox 774 4170 892 4253; x_wconf 88' lang='lat' dir='ltr'><strong><em>scripto</em></strong></span> <span class='ocrx_word' id='word_1_191' title='bbox 906 4175 1021 4246; x_wconf 81' lang='lat' dir='ltr'><strong><em>vestro,</em></strong></span> <span class='ocrx_word' id='word_1_192' title='bbox 1037 4166 1093 4232; x_wconf 87' lang='lat' dir='ltr'><strong><em>sed</em></strong></span> <span class='ocrx_word' id='word_1_193' title='bbox 1108 4187 1148 4230; x_wconf 79' lang='lat' dir='ltr'><strong><em>ex</em></strong></span> <span class='ocrx_word' id='word_1_194' title='bbox 1163 4188 1221 4230; x_wconf 89' lang='lat' dir='ltr'><strong><em>sua</em></strong></span> 
     </span>
     <span class='ocr_line' id='line_1_30' title="bbox 270 4268 1220 4355; baseline -0.007 -15"><span class='ocrx_word' id='word_1_195' title='bbox 270 4276 388 4340; x_wconf 87' lang='lat' dir='ltr'><strong><em>certius</em></strong></span> <span class='ocrx_word' id='word_1_196' title='bbox 403 4273 558 4338; x_wconf 89' lang='lat' dir='ltr'><strong><em>relatione</em></strong></span> <span class='ocrx_word' id='word_1_197' title='bbox 573 4273 788 4355; x_wconf 81' lang='lat' dir='ltr'><strong><em>cognovimus.</em></strong></span> <span class='ocrx_word' id='word_1_198' title='bbox 822 4271 1019 4336; x_wconf 89' lang='lat' dir='ltr'><strong><em>Desideratis</em></strong></span> <span class='ocrx_word' id='word_1_199' title='bbox 1035 4268 1122 4334; x_wconf 89' lang='lat' dir='ltr'><strong><em>enim</em></strong></span> <span class='ocrx_word' id='word_1_200' title='bbox 1137 4270 1220 4334; x_wconf 88' lang='lat' dir='ltr'><strong><em>sicut</em></strong></span> 
     </span>
    </p>
   </div>
   <div class='ocr_carea' id='block_1_10' title="bbox 0 0 1629 5192">
    <p class='ocr_par' dir='ltr' id='par_1_10' title="bbox 0 0 1629 5192">
     <span class='ocr_line' id='line_1_31' title="bbox 0 0 1629 5192; baseline 0 0"><span class='ocrx_word' id='word_1_201' title='bbox 0 0 1629 5192; x_wconf 95' lang='lat' dir='ltr'><strong><em> </em></strong></span> 
     </span>
    </p>
   </div>
  </div>
 </body>
</html>
