3225 5192
409 679 474 742 284
719 695 881 740 cussum
898 695 1049 740 ssrscom

409 811 654 897 obsequentium
670 811 805 875 nutibus
820 819 870 876 tot
885 811 1075 896 populorum
1090 813 1231 896 agmins,
1246 813 1363 878 mnndi

410 937 542 1001 quaeque
557 915 695 1000 pretiosa
708 915 760 978 vix
776 915 934 993 detinent,
950 915 1001 978 vix
1015 915 1212 980 blandiendo
1230 937 1363 1001 persuu-

408 1020 496 1098 dent,
516 1019 594 1102 quin
618 1017 732 1102 spretis
754 1016 906 1082 omnibus
928 1025 1001 1101 post
1024 1039 1153 1082 crucem
1177 1041 1270 1084 susm
1289 1041 1363 1105 por·

407 1129 533 1187 tsutem
553 1121 732 1186 Dominum
751 1121 866 1183 Jesum
887 1119 996 1183 nudus
1018 1127 1120 1198 exest,
1136 1127 1170 1185 et
1190 1130 1363 1204 psnperts-

406 1231 475 1291 tem
490 1223 737 1307 contemplando
753 1243 850 1306 quam
865 1221 975 1300 subiit,
990 1221 1024 1286 id
1041 1221 1129 1286 lucto
1148 1224 1278 1287 student
1299 1223 1361 1287 im-

408 1329 505 1414 plere,
521 1327 606 1413 quod
626 1326 735 1391 docuit
757 1327 828 1410 ipse
849 1325 969 1404 dicens,
986 1324 1053 1390 uui
1068 1346 1136 1389 non
1150 1324 1274 1410 bajulat
1288 1347 1362 1390 cru·

408 1454 479 1497 cem
494 1452 586 1496 susm
600 1437 634 1496 et
648 1431 736 1494 venit
750 1436 824 1513 post
838 1449 901 1506 me,
917 1449 984 1493 uon
999 1435 1049 1492 est
1063 1449 1116 1492 me
1131 1429 1268 1512 dignus3
1290 1429 1362 1494 hmo

408 1539 528 1604 mentis
543 1539 613 1622 ejus
624 1537 798 1602 obstinatio
810 1543 869 1614 est,
881 1536 951 1600 hoec
961 1536 1141 1600 maledictis
1151 1536 1363 1620 opprimendo

408 1642 590 1721 crudelitas,
605 1642 675 1706 haec
696 1642 732 1705 in
753 1639 887 1704 ecclesio
907 1639 971 1703 Dei
992 1646 1063 1703 toto
1084 1638 1162 1704 orbe
1184 1640 1363 1705 doclsmsts

408 1744 608 1830 malignitus3
623 1745 659 1808 in
674 1744 761 1808 huuc
773 1743 800 1806 si
811 1742 984 1807 maledicta
991 1742 1224 1826 congesseritis,
1235 1751 1361 1825 purtem

407 1849 459 1912 sui
478 1847 710 1912 nobilissimam
729 1846 795 1910 suis
815 1845 889 1909 laedi
904 1845 1021 1929 jaculis
1034 1845 1169 1910 ecelesia
1182 1855 1270 1910 rorte
1284 1867 1360 1909 oon-

408 1951 539 2029 dolebit,
562 1951 632 2034 ipso
654 1969 794 2032 nomque
816 1948 984 2012 vulnerato
1003 1949 1113 2013 lmssm
1135 1969 1170 2012 se
1191 1969 1258 2012 non
1280 1949 1361 2014 filio-

407 2076 480 2118 rum
502 2054 655 2136 paucitas,
672 2052 728 2116 sed
748 2052 941 2135 populorum
954 2052 1062 2135 ampla
1075 2052 1289 2116 numerositas
1310 2053 1360 2116 in-

408 2157 571 2240 gemiscet.
617 2155 657 2218 In
676 2155 738 2219 hoo
757 2175 833 2218 vero
852 2175 942 2218 soors
959 2155 1005 2219 sio
1024 2153 1118 2219 docet
1136 2154 1310 2218 auctoritas
1323 2155 1361 2218 in

407 2257 564 2343 ejusmodi
582 2257 696 2336 causis,
711 2257 768 2321 ubi
787 2277 845 2340 per
864 2278 975 2340 graves
995 2256 1231 2322 dissensionum
1246 2259 1360 2322 scissu-

407 2383 469 2440 rus,
487 2383 554 2425 non
568 2360 666 2444 hujus
687 2368 744 2424 aut
763 2360 850 2423 illius
870 2367 919 2423 est
938 2359 1078 2423 hominis
1097 2361 1284 2444 periculum,
1302 2361 1361 2425 sed

407 2464 598 2549 populorum
619 2471 742 2545 strages
759 2463 889 2545 jacent5
912 2461 1149 2530 detrahendum
1171 2471 1221 2526 est
1239 2464 1361 2547 aliquid

408 2567 579 2645 severitati,
602 2572 641 2630 ut
663 2563 840 2648 majoribus
866 2564 958 2628 malis
984 2565 1136 2630 sanandis
1158 2567 1274 2630 neritus
1296 2566 1361 2631 sin-

408 2693 482 2734 cers
496 2669 681 2747 subvenist3
707 2675 740 2732 et
755 2668 884 2746 iterum,
899 2689 968 2732 non
982 2674 1089 2752 potest
1104 2689 1174 2732 esse
1188 2668 1324 2734 salubris
1341 2692 1362 2734 a

407 2774 519 2838 multis
549 2773 712 2851 correctio,
737 2770 798 2834 nisi
824 2791 899 2834 cum
925 2771 980 2836 ille
1004 2772 1186 2856 corripitur,
1210 2772 1268 2856 qui
1292 2794 1359 2838 uon

407 2877 505 2942 habet
531 2876 650 2940 sociem
673 2873 927 2940 multitudinem.
973 2875 1104 2940 Medico
1126 2896 1268 2959 nomque
1289 2877 1360 2960 quis

408 2979 547 3044 sscribst
560 2979 730 3043 industriae
743 2984 782 3041 ut
796 2977 914 3042 vulno
927 2999 1033 3041 unum
1048 2985 1149 3058 sonet,
1161 2979 1250 3043 sliud
1264 2980 1362 3063 longe

408 3084 522 3166 majus,
549 3081 645 3166 longe
670 3081 878 3166 periculosius
902 3081 1052 3164 infligat?
1078 3081 1263 3147 discretioni
1289 3083 1361 3167 quis

408 3185 563 3250 attribuat
583 3185 625 3250 ob
645 3185 792 3269 quedam
813 3205 886 3269 quse
904 3191 1058 3268 poterunt
1078 3193 1111 3249 et
1130 3185 1231 3249 levius
1250 3195 1285 3251 et
1306 3207 1361 3251 ex-

407 3288 547 3374 peditius
573 3287 722 3368 obtineri,
748 3289 915 3353 eoclesism
936 3289 982 3352 sio
1005 3287 1161 3367 deserere,
1184 3288 1222 3353 in
1243 3291 1360 3374 prinoi-

408 3415 482 3478 pem
497 3414 650 3476 exurgere
670 3399 703 3458 et
723 3393 865 3457 ooolesiae
883 3392 985 3456 totius
1004 3393 1098 3475 regni
1113 3413 1269 3457 concusso
1280 3415 1360 3477 psoo

409 3497 590 3560 animarum
621 3497 657 3560 in
692 3495 831 3560 subditis
859 3516 1096 3579 corporumque
1122 3496 1264 3579 periculo
1290 3518 1361 3560 non

408 3599 543 3662 curare?
587 3598 684 3681 Agris
706 3598 801 3662 cessit
816 3597 1017 3677 Ambrosius,
1033 3599 1200 3663 ecclesiam
1215 3599 1361 3664 deserere

407 3721 475 3766 non
495 3699 691 3784 approbavit.
736 3699 825 3763 Nam
845 3700 924 3786 quid
946 3723 966 3764 u
987 3701 1074 3766 bono
1093 3702 1237 3787 principe
1255 3709 1362 3766 vestro

407 3809 499 3887 poter
524 3801 697 3886 prudentis
721 3809 848 3886 poterat
874 3825 941 3868 non
967 3823 1105 3887 sperare,
1130 3825 1227 3887 quem
1252 3804 1360 3869 divino

407 3913 636 3988 compunctum
655 3905 770 3990 spiritu
787 3907 824 3970 in
838 3906 1004 3970 Christum
1022 3929 1043 3971 a
1061 3908 1132 3972 Deo
1151 3914 1284 3971 noverat
1302 3929 1360 3972 su·

408 4007 539 4074 hclsrei
584 4006 652 4074 Illoe
667 4010 917 4074 consuetudines
936 4011 1121 4094 temporalis
1135 4010 1296 4074 commodi
1312 4010 1359 4072 nil

408 4133 537 4196 prorsus
559 4111 620 4176 sibi
641 4111 854 4190 conserentes,
870 4113 984 4196 quanti
1005 4112 1066 4176 sibi
1088 4120 1175 4191 sunt,
1194 4133 1271 4178 oum
1291 4113 1361 4196 ipss

408 4215 522 4280 mundi
537 4215 639 4299 glorie
649 4221 804 4299 quantam
817 4237 851 4280 se
862 4236 1001 4300 cumque
1012 4215 1125 4281 offeret
1132 4217 1202 4301 jum
1213 4222 1284 4279 tots
1293 4215 1360 4278 fere

409 4317 511 4397 viluit,
532 4327 564 4383 et
588 4342 606 4382 a
629 4317 733 4382 cordis
757 4319 807 4382 sui
831 4319 988 4384 desiderio
1013 4328 1082 4384 tam
1105 4319 1218 4402 procul
1239 4327 1298 4396 est,
1323 4326 1360 4380 ut

1603 1566 1607 1795 l
