3225 5192
412 682 476 745 194
723 695 885 740 eleanam
903 692 1054 738 urracam

409 815 494 881 leste
511 832 609 879 cama
626 811 698 877 fieri
716 830 881 876 sacrorum
902 828 1065 873 anonam
1083 804 1255 871 inhibeant
1273 826 1366 871 sanc·

410 919 526 995 tiones,
548 936 608 981 uos
630 920 734 981 certas
755 912 964 979 necessitates
987 917 1020 975 et
1043 930 1156 975 causas
1179 931 1200 975 a
1222 910 1367 994 prindpe

410 1020 504 1087 nobis
518 1018 707 1105 propositas,
723 1023 757 1082 et
776 1015 877 1101 ipsius
890 1012 1044 1099 puineipis
1057 1020 1169 1077 vobim
1188 1018 1222 1077 et
1242 1011 1365 1077 deside-

410 1124 496 1190 rium
518 1122 735 1201 attendentes,
757 1119 1004 1185 translationem
1024 1117 1129 1201 ipsam
1148 1116 1364 1195 consedimus,

411 1226 563 1313 inspectis
578 1226 708 1310 quidem
723 1222 930 1301 utilitatibus,
946 1242 1025 1306 quas
1039 1241 1097 1304 per
1111 1220 1257 1285 studium
1269 1226 1365 1285 tuum

411 1329 553 1417 praelatae
575 1328 796 1419 Londoniensi
818 1324 959 1391 eodemus
981 1322 1173 1389 confidimus
1195 1344 1238 1388 ex
1259 1322 1366 1386 divina

413 1434 518 1519 gratia
550 1438 770 1519 proventuras.
828 1430 914 1495 Data
942 1427 1082 1506 Parisiis,
1116 1426 1184 1492 miii
1217 1426 1365 1492 calendas

413 1536 543 1621 Aprilis.

466 1836 689 1903 EPISTOLA
712 1834 1076 1899 oxma-nnuma
1092 1852 1193 1897 uaeas
1208 1853 1312 1897 arssr.

756 1958 802 2002 an
818 1956 1029 2001 sinsuaruu.

415 2092 457 2154 H.
481 2110 538 2153 rec
559 2089 682 2171 Acylla
704 2094 735 2151 et
760 2090 827 2150 duc
848 2087 1050 2151 Nmmcanioe
1074 2092 1106 2149 et
1127 2086 1314 2169 Aqudaciae,
1336 2092 1368 2151 et

458 2212 558 2256 comes
572 2191 769 2273 Audacem,
788 2191 827 2255 G.
842 2189 909 2255 Dei
925 2190 1034 2272 cratia
1052 2188 1287 2271 Heresords’easi
1304 2190 1367 2271 epi·

458 2315 559 2377 acopo,
574 2296 714 2358 animm

460 2446 600 2511 Musam
614 2450 728 2509 veatrae
742 2444 845 2509 tantis
859 2444 1018 2508 msfitutae
1032 2442 1207 2508 virtutibus
1225 2442 1369 2509 soliditas

416 2546 513 2611 simul
538 2553 571 2609 et
596 2543 727 2609 honesti
749 2542 890 2627 corporis
913 2542 1085 2626 integritas
1106 2542 1279 2622 indemnis,
1299 2563 1368 2607 ves·

416 2656 501 2715 tram
523 2648 605 2713 mihi
624 2646 871 2726 commendavit,
891 2646 1243 2730 commendabilemque
1263 2645 1369 2710 reddit

418 2751 651 2819 excellentiam.
695 2750 768 2815 Nee
789 2750 871 2813 mihi
892 2750 1007 2827 solum,
1022 2770 1135 2813 verum
1156 2748 1306 2814 omnibus
1327 2746 1369 2811 ad

418 2877 496 2939 quos
525 2854 623 2920 vestri
657 2853 797 2917 nominis
826 2852 913 2917 fama
940 2853 1086 2937 pervenit
1096 2878 1107 2931 3
1143 2852 1225 2917 mihi
1259 2858 1369 2917 tamen

417 2980 485 3043 prae
506 2957 629 3023 clateris
651 2956 871 3042 experimento
891 2956 972 3020 fides
991 2956 1080 3020 facts
1100 2962 1159 3034 est,
1179 2954 1234 3019 cui
1254 2955 1370 3040 saepius

419 3063 535 3127 animae
561 3060 688 3125 salubre
713 3060 883 3125 consilium
906 3081 926 3122 a
946 3057 1170 3123 cordisvestri
1194 3058 1369 3143 prooedens

419 3164 566 3229 examine
581 3163 694 3227 datum
709 3168 768 3226 est.
812 3163 865 3227 De
879 3183 1024 3246 personae
1036 3161 1135 3227 etiam
1149 3162 1287 3246 propriae
1300 3161 1369 3245 dig·

419 3266 532 3345 nitate,
549 3265 588 3331 de
602 3266 696 3347 regni
711 3272 808 3344 statu,
826 3264 867 3329 de
882 3265 1032 3349 gerendis
1050 3265 1087 3329 iu
1105 3286 1207 3349 regno
1220 3265 1370 3350 negotiis,

420 3369 535 3452 sapius
555 3376 588 3433 et
608 3369 723 3453 saepius
742 3389 858 3433 sanum
878 3375 912 3433 et
931 3369 1042 3434 efficax
1056 3367 1248 3433 adhibuistis
1267 3367 1370 3433 eonsi-

419 3472 510 3538 lium.
557 3472 645 3537 Hine
666 3472 776 3556 itaque
790 3480 930 3538 vestram
945 3474 1085 3557 corporis
1107 3479 1141 3537 et
1162 3474 1281 3537 mentis
1295 3471 1369 3537 vici·

420 3575 558 3641 nitatem
582 3574 742 3641 assiduam
767 3575 795 3640 si
819 3576 1013 3660 possibilitas
1038 3575 1224 3642 admitteret
1247 3575 1370 3646 deside·

419 3698 505 3755 rans,
521 3686 554 3743 et
575 3678 656 3743 mihi
677 3690 710 3743 et
730 3679 904 3745 heredibus
925 3681 1005 3746 meis
1027 3689 1061 3745 et
1081 3702 1184 3763 regno
1204 3702 1288 3759 meo,
1302 3687 1372 3745 tam

419 3782 550 3846 honoris
576 3803 674 3866 quam
698 3782 849 3848 utilitatis
873 3785 1109 3850 conservationi
1137 3792 1172 3849 et
1195 3790 1371 3867 augmento

419 3886 622 3969 profuturam
650 3887 867 3967 considerans,
890 3889 1007 3954 obnixe
1033 3889 1194 3974 deprecor,
1218 3890 1371 3973 quatinus

420 3989 657 4055 Londoniensis
679 3990 820 4055 eeclesiae
841 3992 1033 4075 petitionem
1055 3991 1091 4055 in
1113 3997 1253 4055 vestram
1276 3991 1372 4056 eolla·

420 4101 488 4159 tam
514 4114 692 4178 personam,
719 4094 897 4160 seeundum
921 4094 1044 4161 domini
1067 4116 1157 4179 papae
1179 4094 1371 4161 mandatnm

421 4196 601 4261 executioni
623 4196 776 4261 mandare
791 4218 860 4261 nou
873 4197 1038 4277 differatis,
1053 4197 1135 4261 mihi
1148 4198 1184 4260 in
1197 4199 1260 4261 hoe
1274 4197 1371 4282 pluri·

420 4321 511 4363 mum
533 4300 744 4383 obsequaturi
766 4308 799 4364 et
822 4322 861 4365 eo
883 4301 1020 4385 amplius
1042 4301 1182 4365 favorem
1205 4321 1316 4364 meum
1339 4307 1372 4363 et
