3225 5192
405 678 466 739 iss
722 692 1038 737 onnmmsmscorr

401 834 459 897 per
486 811 522 875 in
552 810 695 875 Domino
721 808 914 873 sublimitati
939 819 1054 874 vestras
1082 811 1261 891 scribimus,
1289 812 1359 877 baec

401 923 570 992 causaest,
585 922 624 977 ut
639 914 744 977 virum
758 911 974 977 venerabilem
996 913 1172 997 Hugonem
1192 915 1357 980 Londoni-

402 1038 512 1081 ensem
528 1016 696 1094 decanum,
709 1015 828 1079 damno
843 1016 1044 1096 imminente,
1057 1019 1162 1100 quoad
1176 1040 1357 1102 possumus,

401 1121 588 1198 eximamus,
603 1140 646 1183 ne
663 1118 746 1183 forte
762 1118 930 1182 occasione
950 1118 1061 1183 damni
1081 1120 1166 1199 data,
1182 1119 1244 1183 sibi
1258 1122 1357 1185 etiam

400 1225 461 1287 hoc
476 1222 546 1306 ipso
558 1220 714 1286 damnum
729 1219 855 1285 dedisse
865 1221 1041 1285 videamur.
1065 1222 1212 1285 Dilectus
1227 1222 1356 1305 quidem

401 1334 512 1394 nomer
528 1327 623 1392 bonae
638 1326 801 1391 memoriae
813 1325 971 1390 Ricardus
981 1325 1220 1391 Lundoniensis
1232 1326 1356 1391 dudum

401 1432 577 1517 episcopus,
610 1450 686 1493 cum
721 1436 866 1493 extrema
897 1427 1057 1493 laboraret
1090 1430 1292 1512 aegritndine,
1322 1439 1356 1493 et

401 1554 513 1599 omnes
528 1554 607 1617 qnos
625 1538 837 1615 promoverat,
854 1552 997 1615 quosque
1018 1530 1079 1595 sibi
1098 1531 1262 1595 beneficiis
1276 1532 1355 1596 obli-

401 1643 542 1721 gaverat,
564 1656 672 1699 rerum
696 1655 827 1697 suarum
850 1634 1163 1699 administrationem
1185 1635 1355 1718 suscipere,

401 1740 443 1805 ob
463 1739 571 1823 plures
592 1759 671 1822 quas
690 1736 936 1821 praetendebant
951 1758 1064 1802 causas
1083 1737 1356 1819 pertimescerent,

404 1842 554 1907 dominus
581 1840 816 1905 Linoolniensis
845 1848 879 1905 et
907 1862 976 1919 nos,
1003 1862 1078 1904 cum
1107 1842 1177 1924 ejus
1205 1841 1357 1905 visitandi

402 1944 507 2028 gratia
532 1944 781 2021 advenissemus,
803 1944 839 2006 in
865 1945 926 2008 hoc
951 1944 1122 2009 consilium
1147 1944 1293 2008 dedimus
1313 1964 1357 2007 ne

402 2047 535 2113 domum
550 2064 640 2111 suam
655 2047 791 2111 nterim
811 2047 937 2111 incerto
950 2054 1039 2111 statu
1054 2048 1210 2111 fluctuare
1224 2048 1356 2131 permit·

401 2156 495 2227 teret,
512 2149 569 2215 sed
590 2170 724 2213 suarum
744 2170 853 2213 rerum
868 2149 1182 2215 administrationem
1196 2156 1231 2214 et
1244 2171 1356 2215 curam

398 2251 467 2335 jam
488 2252 574 2316 dicto
589 2250 711 2318 decano
726 2261 760 2317 et
780 2253 941 2317 Nicholao
955 2253 1190 2333 archidiacono,
1205 2253 1291 2336 ipsos
1313 2252 1356 2317 ad

401 2352 463 2417 hoc
486 2354 517 2417 vi
547 2353 739 2419 obedientie
768 2355 989 2438 compellendo
1017 2356 1244 2419 committeret.
1289 2354 1357 2420 Qui

401 2456 556 2521 nimirum
581 2478 664 2521 onus
690 2457 898 2523 attendentes
923 2458 1056 2540 negotii,
1082 2457 1274 2522 mandatnm
1294 2457 1356 2520 hoc

401 2558 506 2623 multa
525 2558 757 2643 supplicatione
772 2559 997 2639 declinassent,
1013 2559 1077 2623 nisi
1095 2560 1231 2623 tandem
1245 2558 1282 2622 in
1295 2560 1358 2623 hoc

402 2662 526 2727 domini
541 2662 776 2727 Lincolniensis
799 2663 980 2745 nostrisque
1001 2662 1150 2748 precibus
1171 2672 1206 2727 et
1225 2664 1357 2727 monitis

402 2764 647 2849 adquievissent.
693 2765 792 2831 Unde
810 2766 886 2849 quia
904 2774 1036 2848 pactum
1050 2773 1236 2831 contractus
1250 2766 1356 2850 cujus·

402 2891 464 2954 que
484 2878 634 2935 naturam
653 2877 751 2953 anget
768 2878 802 2933 et
819 2869 949 2947 minuit,
964 2869 1114 2952 factoque
1133 2869 1266 2935 cuilibet
1286 2892 1354 2935 sna

403 2972 482 3037 dant
496 2973 633 3037 formam
645 2973 906 3051 circumstantiae,
916 2972 1109 3037 sublimitati
1119 2980 1232 3037 vestrae
1246 2994 1356 3057 preces

402 3076 577 3141 affectuose
598 3076 800 3160 porrigimus,
818 3076 971 3159 quatinus
990 3076 1152 3140 actionem
1168 3098 1267 3159 quam
1285 3078 1354 3161 jam

402 3178 481 3243 dicti
502 3180 641 3262 episcopi
661 3180 835 3244 creditores
857 3180 1008 3244 adversus
1028 3180 1098 3263 jam
1116 3179 1240 3243 dictum
1264 3179 1356 3243 deca·
1443 3262 1449 3269 Ι

401 3302 482 3345 num
497 3282 661 3347 occasione
676 3282 908 3365 procurationis
923 3284 1021 3367 hujus
1036 3283 1225 3361 instituunt,
1238 3304 1354 3364 quous-

319 3443 324 3453 ,
402 3404 463 3467 que
478 3383 567 3447 vobis
582 3385 744 3449 valeamus
762 3386 910 3449 assistere
929 3385 1094 3464 differatis,
1110 3393 1148 3449 ut
1166 3386 1304 3469 qualiter
1322 3395 1356 3449 et

402 3507 465 3567 quo
487 3494 581 3569 pacto
602 3487 861 3569 procurationem
882 3488 967 3551 hanc
991 3490 1176 3571 susceperit,
1199 3489 1355 3552 relatione

400 3598 512 3653 nostra
527 3589 622 3654 simul
637 3597 669 3653 et
685 3590 872 3654 testimonio
887 3592 1098 3674 cognoscatis.
1139 3594 1252 3675 Ipsum
1267 3593 1354 3656 enim

401 3712 483 3754 onus
499 3691 680 3757 debitorum
696 3692 836 3776 episcopi
851 3692 886 3755 in
901 3714 935 3756 se
950 3714 1155 3777 nequaquam
1169 3696 1354 3778 suscepisse,

400 3814 461 3858 nec
484 3794 798 3859 administrationem
823 3797 907 3860 hanc
929 3796 1022 3861 aliter
1044 3798 1169 3862 subisse
1192 3800 1353 3878 noveritis,

400 3896 463 3960 nisi
488 3905 658 3962 utrarum
684 3918 796 3962 curam
823 3908 942 3981 ageret,
966 3900 1136 3984 ipsumque
1162 3910 1196 3965 et
1220 3902 1354 3965 domum

401 4020 492 4064 suam
510 4000 648 4065 fideliter
668 4000 868 4065 exhiberent.
914 4002 957 4067 Et
981 4004 1009 4067 si
1032 4004 1111 4087 quid
1135 4026 1175 4069 ex
1197 4004 1354 4069 reditibus

400 4104 498 4187 ipsius
520 4110 554 4167 et
575 4103 823 4168 obventionibus
849 4107 966 4169 annuns
991 4107 1152 4190 reliquum
1178 4108 1270 4187 foret,
1294 4108 1354 4171 hoc

400 4206 457 4270 abi
471 4207 642 4271 necessitas
660 4207 761 4272 debiti
779 4209 852 4292 plus
865 4216 1006 4291 urgeret,
1022 4232 1089 4273 non
1104 4220 1201 4294 prout
1216 4210 1354 4274 creditor

401 4310 505 4389 vellet,
520 4310 577 4375 sed
591 4318 629 4375 ut
644 4332 693 4379 res
709 4321 792 4377 esset
808 4314 992 4377 exsolveret.
1039 4314 1137 4379 Quod
1154 4314 1195 4378 ob
1214 4313 1248 4377 id
1262 4334 1353 4377 sanc·
