3225 5192
249 697 317 741 am.
334 658 534 757 'nel-se]
581 691 1024 743 rosnournssrssrssroaar.
1137 676 1200 738 205

249 810 429 898 apostolicae
455 812 540 876 circa
564 832 617 875 me
643 830 761 874 novero
786 811 1037 876 mansuetudine
1059 812 1202 896 compla-

247 938 329 983 cere.
377 916 466 981 Sciat
488 914 576 979 enirn
598 913 749 979 dominus
771 934 873 993 meus,
893 922 927 978 et
941 921 1066 979 certum
1080 921 1201 995 teneat,

246 1042 300 1085 me
320 1042 340 1084 a
358 1018 560 1103 tempestatis
574 1018 673 1102 hujus
688 1038 752 1101 qua
762 1016 890 1101 jamdiu
904 1039 1094 1101 quassamur
1107 1020 1202 1085 initio

247 1126 282 1190 id
299 1148 425 1211 semper
444 1126 629 1205 voluntatis,
650 1125 683 1189 id
703 1125 854 1190 habuisse
873 1126 1038 1209 propositi,
1052 1134 1091 1191 ut
1111 1126 1201 1193 vobis

247 1230 413 1294 occasione
424 1251 626 1315 quacumque
641 1229 833 1307 assisterem,
846 1235 880 1293 et
890 1228 979 1293 vobis
994 1251 1102 1294 coram
1115 1232 1199 1315 posi-

247 1342 310 1414 tus,
330 1334 501 1398 anxietatis
522 1334 588 1397 mei
609 1331 713 1397 cordis
735 1351 938 1417 exponerem,
953 1341 993 1397 nt
1014 1355 1035 1398 a
1055 1334 1200 1399 sublimi-

246 1444 315 1501 tate
340 1445 447 1502 vestra
471 1436 645 1520 impetrata
669 1436 847 1500 clementer
869 1436 940 1520 ejus
963 1436 1016 1500 cni
1040 1438 1201 1521 astringor

245 1539 342 1603 officii
368 1539 579 1617 absolutione,
607 1538 648 1603 ab
677 1538 727 1601 hia
757 1536 875 1622 quibus
904 1538 1023 1603 obruor
1050 1540 1200 1606 fluctibus

246 1642 361 1706 saltem
376 1642 482 1705 nudus
498 1642 674 1719 evaderem,
690 1647 723 1705 et
742 1660 817 1704 cum
836 1641 1014 1705 multorum
1029 1664 1198 1727 nequeam,

245 1744 343 1809 saluti
363 1745 477 1809 saltem
496 1766 577 1809 meae
596 1744 799 1829 aliquatenus
821 1743 1031 1827 providerem.
1076 1746 1200 1812 Omnes

246 1848 333 1912 enim
348 1848 389 1913 ab
403 1848 532 1932 Angliae
546 1848 667 1912 finibus
682 1847 724 1911 ad
738 1868 793 1911 vos
808 1868 911 1931 usqne
929 1848 1146 1928 decurrentes,
1161 1856 1199 1915 nt

245 1950 438 2035 quibusdam
457 1973 525 2016 non
544 1958 631 2016 certe
650 1950 809 2035 placeant,
832 1971 886 2014 me
907 1951 1116 2017 seminarium
1135 1954 1199 2017 dis-

245 2054 371 2133 cordie,
393 2054 613 2119 subversorem
634 2052 784 2131 ecclesiae,
807 2053 1007 2117 incentivum
1028 2055 1197 2136 malorum,

243 2156 390 2222 fomitem
417 2157 485 2222 litis
514 2164 547 2222 et
575 2156 722 2222 odiorum
748 2154 895 2220 omnium
918 2158 1047 2223 sinistre
1072 2158 1197 2249 denun-

243 2260 338 2339 tiant,
361 2267 395 2325 et
419 2282 489 2343 quae
514 2281 575 2325 nec
597 2280 673 2324 vera
696 2266 783 2338 sunt,
807 2280 868 2324 nec
888 2281 1043 2345 unquam,
1063 2263 1197 2346 juvante

245 2363 396 2442 Domino,
422 2362 549 2447 probari
578 2367 742 2447 poterunt,
774 2362 894 2426 sanctis
921 2364 1035 2429 vestris
1064 2366 1196 2431 auribus

244 2466 413 2530 adversum
433 2488 487 2531 me
509 2465 711 2550 quorundam
732 2464 896 2548 promissis
918 2475 952 2529 et
973 2466 1121 2550 precibus
1145 2470 1196 2533 in-

243 2570 365 2634 stillare
389 2590 456 2633 non
478 2570 645 2634 omittunt.
690 2568 735 2632 Et
758 2588 833 2633 ecce
854 2574 947 2651 pater
969 2569 1098 2648 morior,
1121 2592 1196 2635 curn

243 2674 289 2737 nil
304 2674 421 2738 horum
435 2671 575 2751 fecerim,
588 2693 662 2736 oum
676 2673 793 2736 horum
807 2671 844 2734 in
858 2672 949 2735 nullo
963 2672 1110 2736 conscius
1124 2674 1194 2738 sim.

243 2779 374 2844 Dantur
393 2780 430 2842 in
448 2800 501 2843 me
521 2777 692 2842 sententiae
709 2798 770 2841 nec
788 2776 981 2855 confessum,
995 2797 1057 2841 nee
1071 2779 1195 2842 convic-
1318 2850 1327 2861 ,

240 2886 323 2958 tum,
350 2880 407 2945 sed
432 2900 492 2945 nec
518 2879 653 2963 quidem·
675 2878 918 2943 commonitum.
964 2880 1137 2943 Formatur
1161 2890 1195 2946 et

240 2983 439 3067 confingitur
457 2984 631 3061 notorium,
647 2990 681 3046 et
700 2989 739 3047 ut
759 2981 918 3066 grassanti
937 2981 1020 3046 nihil
1040 2982 1123 3047 desit
1144 2983 1194 3047 in-

240 3085 344 3164 vidiae,
361 3084 447 3169 quod
466 3084 549 3148 nulli
569 3092 684 3150 notum
707 3092 766 3163 est,
782 3085 937 3149 audacter
956 3093 1104 3150 asserunt
1126 3107 1195 3152 esse

240 3186 455 3253 notissimum.
486 3186 537 3253 De
550 3209 652 3252 manu
666 3208 740 3253 mea
754 3188 886 3271 sanguis
901 3210 997 3272 quem
1011 3211 1078 3254 non
1092 3190 1194 3255 effudi

239 3290 424 3375 requiritur,
440 3300 473 3355 et
493 3291 704 3376 injustissime
726 3310 797 3374 quae
819 3311 886 3355 non
907 3292 999 3374 rapui
1020 3313 1118 3376 cogor
1138 3314 1193 3358 ex·

239 3396 370 3459 solvere.
416 3394 498 3460 Quae
520 3394 674 3458 nimirum
694 3394 804 3458 omnia
824 3394 860 3457 in
882 3415 935 3457 me
955 3414 1104 3460 recasura
1125 3416 1192 3461 mea

238 3505 345 3576 tuens,
368 3518 498 3562 omnem
521 3496 744 3581 praeveniendo
767 3494 963 3561 sententiam
985 3497 1192 3581 apostolicam

235 3600 429 3685 jamdudum
446 3599 602 3683 appellavi
617 3599 831 3683 praesentiam,
846 3600 877 3662 ei
891 3620 987 3683 super
1005 3600 1056 3664 his
1076 3611 1192 3685 optans

238 3704 397 3782 assistere,
408 3724 504 3787 quem
519 3704 555 3766 in
565 3704 639 3788 jure
654 3710 779 3769 certum
794 3712 845 3768 est
859 3724 926 3767 non
940 3724 1056 3768 errare.
1084 3706 1192 3772 Quam

237 3806 393 3871 nimirum
416 3807 662 3891 appellationem
688 3806 715 3870 si
740 3806 874 3870 minime
897 3814 1084 3890 prosecutus
1107 3830 1190 3889 sum,

237 3910 307 3974 haec
321 3930 419 3973 eausa
433 3910 549 3988 extitit,
566 3908 652 3992 quod
666 3908 780 3992 legatis
796 3909 838 3972 ad
852 3908 1022 3974 dominum
1042 3918 1191 3976 nostrum

235 4034 347 4093 regem
369 4033 388 4076 a
407 4012 507 4075 latere
522 4018 627 4076 vestro
642 4010 780 4090 directis,
797 4012 843 4076 eis
858 4013 1004 4077 omnium
1019 4034 1091 4097 quae
1105 4014 1192 4079 inter

238 4112 406 4177 dominum
432 4112 699 4177 Cantuariensem
722 4114 908 4180 vertebatur
929 4122 963 4179 et
984 4138 1055 4194 nos,
1080 4116 1190 4198 cogni-

237 4216 360 4281 tionem
386 4216 508 4299 pariter
533 4223 567 4279 et
593 4216 819 4281 diffinitionem
844 4218 1058 4294 commisistis,
1088 4216 1190 4281 literis

237 4318 405 4383 destinatis
421 4318 463 4383 ad
478 4340 546 4398 nos,
563 4326 601 4383 ut
620 4317 745 4383 noscis
765 4326 938 4403 presentes
957 4317 1189 4397 exhiberemus,
