3225 5192
229 716 295 759 nn.
312 694 511 778 llos-61]
561 712 1051 759 nrnnrosnrrnsrsrrrsronn.
1117 697 1181 759 139

211 837 336 895 'temen
357 834 396 893 ut
416 834 473 893 sut
495 828 531 891 in
550 850 604 892 me
623 827 774 893 fraterne
788 828 926 893 scimmn
942 828 1028 893 facto
1042 829 1085 893 sit
1098 830 1180 895 cori·

228 936 312 1015 tatis,
328 942 386 999 out
406 934 454 998 sol
470 933 607 1018 justitie
629 954 725 1017 super
743 934 918 999 iracundie
934 955 1016 999 mere
1038 935 1180 1000 affectio·

228 1060 301 1103 nem
316 1037 517 1102 obscuratus.
563 1034 679 1101 Habeo
694 1035 782 1101 enim
800 1056 839 1100 ex
857 1036 994 1119 pristino
1007 1039 1180 1102 consuetu·

230 1140 312 1219 dine,
323 1145 362 1203 ut
377 1160 432 1203 cor
446 1139 537 1203 itaet
552 1137 637 1203 labie
651 1139 791 1203 maxime
801 1160 879 1222 ergo
892 1139 1032 1204 ornicum
1044 1140 1180 1205 circum·

229 1241 301 1321 cisa,
320 1262 393 1325 quae
416 1241 527 1305 artiori
551 1241 623 1324 lege
649 1241 806 1307 conclusit
832 1242 995 1325 singulare
1018 1244 1181 1326 exemplet

229 1344 391 1429 patientie
406 1344 564 1422 Christus,
580 1364 620 1407 ex
634 1365 698 1427 quo
715 1344 857 1413 lubricos
876 1344 978 1409 animi
995 1345 1060 1409 mei
1072 1353 1181 1410 motus

229 1470 284 1531 per
298 1448 436 1531 gratim
456 1468 548 1511 susm
565 1447 696 1531 cingulo
714 1447 904 1513 sacerdotali
917 1448 1019 1513 voluit
1033 1448 1179 1531 astringi.

230 1554 306 1617 Non
320 1552 409 1616 enim
423 1551 503 1615 mihi
518 1572 538 1615 o
551 1558 681 1635 pectore
692 1549 838 1615 excidere
848 1558 964 1634 potest,
977 1550 1064 1633 quod
1077 1570 1181 1615 socer·

230 1655 326 1721 dotsli
338 1654 459 1737 exlege
470 1653 584 1719 dutum
594 1660 643 1718 est
654 1654 690 1717 in
701 1652 873 1731 mundatis,
882 1660 921 1717 ut
932 1674 1009 1717 oum
1019 1658 1181 1718 turturem

230 1759 278 1822 vel
291 1757 474 1844 hujusmodi
489 1764 586 1842 caput
600 1756 642 1821 od
655 1756 815 1840 pennulas
829 1756 984 1835 reflectet,
995 1762 1030 1821 et
1045 1756 1132 1839 quod
1144 1755 1181 1821 in

230 1860 441 1945 descriptione
461 1860 575 1943 templi
597 1880 782 1923 mensarum
803 1858 890 1925 lubia
912 1858 1107 1925 intrinsecus
1130 1882 1181 1926 re·

230 1965 310 2029 flexu
329 1964 483 2029 dionntm
500 1984 557 2047 per
572 1961 752 2041 circuitum,
768 1962 922 2045 quonium
935 1961 1025 2027 verbi
1043 1962 1180 2029 semino·

230 2076 281 2135 tor
294 2068 394 2133 divini
414 2066 557 2133 exomni
575 2072 668 2150 porte
681 2066 943 2150 circumspectus,
959 2066 1001 2131 sd
1015 2087 1070 2131 cor
1084 2066 1181 2133 debet

230 2192 376 2237 revocare
401 2191 592 2249 sermonem,
616 2168 728 2233 audire
753 2190 826 2252 quae
848 2168 937 2248 dicit,
961 2171 1086 2253 operari
1108 2192 1182 2254 quoe

230 2275 391 2359 predicet,
413 2294 456 2338 ne
477 2274 504 2337 si
529 2271 707 2337 intenderit
732 2293 854 2349 orcum,
875 2280 910 2337 et
935 2272 1062 2355 sagittis
1083 2294 1181 2338 sscrae

231 2377 394 2463 scripturae
408 2376 487 2447 vitis
506 2374 698 2459 percusserit
715 2375 911 2454 auditorum,
925 2382 1132 2441 convertetur
1144 2376 1181 2441 in

37 2486 39 2537 t
146 2549 150 2558 ‚
231 2480 396 2559 die-belli,
421 2485 454 2545 et
477 2485 642 2545 evertam
668 2478 866 2563 adjutorium
891 2478 990 2562 glodii
1015 2480 1095 2563 ejus,
1120 2499 1181 2543 nec

232 2583 403 2653 auxilietur
421 2582 452 2647 ei
468 2581 504 2647 in
526 2580 621 2646 bello.
667 2580 887 2661 Mirorvalde
901 2601 963 2645 nec
982 2581 1059 2645 sotis
1080 2579 1181 2645 edmi·
1305 2639 1331 2658 ,,

230 2687 292 2751 ruri
310 2706 452 2770 possum,
466 2682 555 2749 unde
574 2684 728 2749 sanctitas
742 2691 850 2749 restro
864 2690 967 2749 tonte
985 2704 1039 2749 me
1060 2683 1182 2767 simpli·

231 2790 334 2855 citatis
349 2810 419 2855 esse
434 2788 614 2869 crediderit,
630 2796 667 2854 ut
683 2787 759 2873 quis
772 2808 866 2853 voces
880 2808 968 2851 mess
982 2787 1064 2853 mihi
1077 2786 1183 2851 reddi·

231 2900 331 2979 distis,
346 2901 468 2984 putetis
483 2900 653 2965 offensum.
691 2899 820 2967 Quibus
834 2898 871 2963 in
883 2898 999 2978 verbis,
1014 2904 1098 2963 teste
1112 2898 1184 2963 Deo

231 3010 263 3069 et
281 3002 479 3068 conscientie
497 3024 579 3081 mes,
594 3002 717 3075 nullum
736 3024 789 3067 me
807 3010 888 3067 tunc
907 3002 1082 3067 arbitratus
1099 3022 1184 3080 snm,

231 3106 286 3171 sed
299 3126 405 3190 neque
425 3126 513 3170 nnnc
528 3108 642 3190 opinor
656 3105 814 3190 occepisse
827 3105 992 3190 injurium,
1006 3104 1183 3190 presertim

231 3230 330 3294 quum
340 3208 526 3294 hujusmodi
535 3208 577 3273 od
586 3208 669 3273 iram
680 3206 893 3293 mitigandum
904 3215 938 3273 et
948 3207 1182 3274 conciliandam

231 3312 407 3379 amicorum
424 3311 563 3395 gretiam
582 3310 717 3395 proferri
731 3312 866 3377 soleant.
913 3312 1037 3377 sivero
1052 3310 1112 3376 sub
1128 3332 1182 3377 eo·

230 3438 303 3481 rum
327 3414 540 3499 ambiguitate
564 3436 671 3481 meam
691 3415 727 3478 in
747 3416 855 3499 aliquo
874 3416 1000 3499 gravari
1016 3415 1181 3482 crederem

231 3519 414 3603 opinionem
431 3518 586 3603 piaculari
605 3540 658 3584 me
675 3517 867 3603 subjicerem
882 3518 1016 3601 flagitio,
1032 3518 1087 3602 qui
1108 3525 1182 3583 tsn-

231 3630 301 3687 tum
312 3622 453 3686 amicum
461 3620 550 3705 prior
563 3620 605 3685 ad
620 3621 704 3685 hono
713 3642 934 3707 provocossem
942 3620 1181 3687 contumelium.

233 3724 368 3789 Gravius
383 3724 610 3809 aliquid-extro
623 3746 754 3789 causum
768 3724 892 3790 dictum
907 3732 967 3803 est,
980 3725 1074 3809 cnjus
1088 3729 1183 3789 tento

232 3836 279 3893 ost
305 3835 339 3893 et
367 3826 431 3893 fuit
456 3827 654 3893 admixtione
679 3848 824 3911 personae
849 3829 891 3892 sd
916 3849 1015 3911 quom
1040 3834 1183 3911 spectare

231 3932 357 3997 videtur
378 3931 547 4011 acerbitas,
570 3938 611 3996 ut
639 3937 753 3997 contro
777 3938 966 3999 oaeternrum
990 3931 1183 4015 injuriarum

231 4043 380 4100 naturum
395 4034 650 4101 dissimulatione
664 4034 797 4099 minime
811 4036 954 4119 potuerit
964 4034 1095 4100 aboleri.
1118 4032 1183 4098 Sed

231 4140 270 4205 de
298 4140 350 4204 his
379 4159 492 4223 pauca.
552 4138 640 4203 Nam
667 4139 906 4223 quantumlibet
935 4139 971 4205 in
1000 4147 1092 4223 porte
1120 4136 1185 4201 isto

231 4243 331 4309 oratio
346 4243 510 4308 succincte
524 4242 634 4307 odiose
648 4242 741 4307 nobis
756 4264 854 4328 quom
868 4242 1056 4328 periculose.
1089 4238 1183 4303 Ideo-

232 4368 292 4430 que
307 4347 348 4413 sd
363 4347 470 4432 priore
482 4346 662 4413 redeamus.
685 4347 837 4413 Occurrit
850 4346 904 4412 illo
918 4344 1063 4431 epistolar
1071 4347 1184 4409 vostre
