3225 5192
377 688 439 750 112
658 676 662 684 ’
688 704 850 747 ortanam
868 704 1020 748 nrrscorr

375 821 444 905 gari
459 841 526 883 non
541 826 686 903 possunt.
732 820 880 901 Plagium
897 820 982 903 qnod
997 820 1033 883 in
1048 820 1270 885 ecclesiasticis
1290 822 1332 889 de

373 926 415 991 R.
433 924 528 987 furtis
548 944 601 987 me
620 922 785 1005 nesciente
804 922 927 1009 cepisti,
948 923 1009 987 tibi
1029 944 1097 988 uon
1119 931 1258 1002 tenetur,
1275 922 1332 987 sed

375 1027 464 1091 omni
488 1025 682 1090 auctoritate
707 1026 845 1090 liberum
869 1048 938 1093 esse
962 1025 1157 1091 decernitur.
1211 1027 1331 1121 Obedi3

307 1124 312 1135 '
374 1137 483 1194 entem
498 1134 531 1193 te
546 1128 664 1195 nostris
679 1128 811 1193 monitis
825 1136 992 1194 conservet
1007 1130 1212 1212 omnipotens
1227 1130 1327 1194 Deua

412 1430 633 1495 EPISTOLA
654 1432 935 1496 mxxvi-in
951 1453 1005 1496 no.
1023 1453 1067 1496 nn
1085 1454 1293 1497 saansaan.

381 1586 538 1649 Giltertos
557 1586 623 1649 Dei
644 1588 754 1669 pratia
775 1588 934 1669 episcopm
953 1587 1212 1668 Heresordieaeis,
1233 1589 1332 1650 amico

450 1709 505 1751 sao
520 1690 590 1753 aa!
606 1689 644 1751 de
658 1691 849 1767 Romanam,
864 1691 995 1754 salutm
1009 1696 1040 1754 et
1054 1691 1256 1754 dilectionem.

422 1842 569 1907 Qusuro
590 1864 668 1925 erga
687 1864 741 1907 vos
761 1843 897 1908 caritate
916 1844 1062 1927 ampliori
1082 1844 1190 1907 affecti
1209 1865 1331 1922 snmus,

377 1948 471 2007 tanto
486 1942 579 2007 nobis
594 1950 628 2009 et
642 1944 736 2009 larnae
747 1950 862 2009 vestrae
877 1946 1056 2010 consultius
1071 1952 1229 2029 quantum
1245 1967 1332 2028 spec-

381 2050 430 2109 tat
451 2046 492 2109 ad
511 2068 571 2111 nos
590 2047 765 2131 providere,
782 2049 852 2131 ipsa
866 2070 964 2132 qnam
978 2049 1184 2133 praediximus
1199 2048 1333 2112 caritate

379 2158 573 2234 suggerente
595 2171 847 2215 commonemur.
892 2152 1010 2216 Verbis
1024 2152 1087 2215 oris
1102 2152 1199 2216 vestri
1214 2150 1332 2214 multo-

379 2273 516 2335 rumque
545 2253 651 2316 relntu
680 2252 861 2332 didicimus,
885 2276 940 2319 vos
965 2276 985 2317 a
1007 2254 1224 2319 transactione
1246 2253 1334 2317 inter

378 2376 437 2418 nos
462 2354 575 2419 habita
604 2376 700 2440 super
725 2358 860 2421 ecclesia
886 2358 926 2421 de
949 2354 1187 2421 Wiredesberia
1210 2356 1333 2420 resilire

377 2457 468 2535 velle,
485 2464 522 2520 et·
540 2458 705 2522 ecclesiam
721 2460 761 2523 de
778 2460 957 2527 Glocestria
978 2482 1073 2544 super
1095 2460 1156 2523 sibi
1178 2458 1333 2543 promisso

378 2559 547 2624 celebriter
562 2583 582 2624 a
597 2560 686 2626 vobis
701 2584 811 2627 annuo
826 2585 925 2628 censu
939 2563 1020 2627 velle
1035 2562 1234 2627 defraudare.
1258 2561 1333 2626 Qua

378 2660 413 2724 in
435 2683 470 2725 re
493 2684 618 2743 moneo,
634 2672 673 2728 ut
692 2687 800 2729 rernm
822 2666 927 2731 exitus
947 2666 1133 2743 attendatis,
1149 2686 1191 2728 ne
1205 2664 1287 2727 forte
1305 2664 1332 2725 si

379 2764 472 2828 aliter
487 2772 595 2830 actum
610 2766 718 2846 fucrit,
731 2770 937 2834 malefactum
952 2769 1145 2854 poenitentia
1158 2787 1332 2849 consequa-

379 2874 442 2930 tur.
489 2868 595 2934 Causa
609 2871 696 2934 enirn
716 2872 785 2935 haec
805 2872 866 2935 etsi
886 2873 1104 2956 principaliter
1123 2892 1191 2934 non
1211 2875 1333 2953 spectat

379 2972 420 3035 ad
435 2993 504 3049 nos,
521 2981 644 3056 spectat
660 2981 771 3039 tamen
786 2976 986 3039 secundario.
1017 2975 1164 3038 Primum
1179 2975 1215 3037 in
1229 2971 1333 3037 causis

378 3076 484 3138 locum
509 3082 598 3137 actor
621 3076 757 3155 obtinet,
783 3077 1007 3140 secundarium
1034 3078 1136 3140 testis.
1192 3078 1226 3139 Si
1256 3096 1333 3157 ergo

378 3178 469 3240 testis
484 3176 519 3238 in
535 3198 630 3239 causa
644 3177 704 3239 hac
719 3178 895 3260 productus
910 3180 1010 3255 fuero,
1027 3178 1179 3253 ccclesiae,
1195 3178 1248 3240 cui
1262 3185 1334 3241 tota

378 3277 580 3363 plenitudine
610 3279 753 3344 caritatis
783 3280 933 3344 astrictus
964 3287 1046 3356 sum,
1076 3278 1113 3342 in
1145 3278 1334 3342 testimonio

379 3381 522 3444 veritatis
541 3382 651 3447 deesse
670 3405 737 3447 non
757 3391 878 3467 potero.
924 3383 1109 3448 Astiterunt
1132 3390 1164 3446 et
1184 3381 1278 3446 nobis
1298 3381 1333 3444 in

379 3485 596 3549 transactione
619 3487 731 3550 eadem
747 3487 805 3549 viri
819 3486 959 3569 religiosi
974 3484 1211 3568 quamplurimi,
1227 3484 1283 3565 qui
1305 3484 1333 3545 si

381 3586 457 3670 quid
473 3610 592 3672 negare
607 3590 775 3674 caeperitis,
791 3590 828 3653 in
841 3591 947 3654 lucem
962 3597 1035 3653 acta
1049 3589 1236 3672 producent.
1269 3588 1333 3650 Re-

379 3693 525 3756 tractetis
540 3692 659 3777 itaque,
672 3694 699 3759 si
714 3695 829 3778 placet,
844 3694 1013 3758 consilium
1029 3700 1182 3770 vestrum,
1198 3697 1232 3754 ct
1247 3689 1335 3773 quod-

380 3794 444 3858 tldc
458 3794 691 3862 interveniente
707 3798 767 3863 sub
779 3797 958 3861 multorum
972 3795 1143 3879 prasentia
1156 3792 1332 3877 pepigistis,

380 3896 518 3961 fideliter
543 3898 724 3979 observetis,
752 3922 795 3965 ne
825 3901 851 3963 si
881 3900 963 3963 forte
993 3899 1141 3962 aberrare
1167 3896 1332 3979 caeperitis,

381 4000 558 4065 multorum
573 4003 737 4067 convictus
751 4003 948 4079 testimonio,
964 4024 1031 4066 non
1047 4002 1150 4065 solum
1171 3998 1333 4062 ccclesias·

380 4102 435 4166 tici
451 4102 608 4182 beneficii,
625 4105 679 4167 sed
695 4105 817 4169 ordinis
836 4106 934 4169 vestri
953 4105 1130 4188 periculum
1150 4102 1332 4166 incurratis.

382 4206 564 4271 Attendens
579 4206 658 4270 illud
675 4208 837 4291 sapientis,
854 4214 865 4244 ‘
873 4208 986 4272 melior
1006 4216 1055 4271 est
1075 4207 1169 4270 amici
1189 4206 1336 4288 increpa-

382 4308 439 4389 tio,
466 4330 563 4393 quam
590 4311 704 4389 oscula
721 4311 920 4377 blandientis
948 4311 1094 4389 inimici,’
1125 4309 1229 4373 amico
1254 4306 1336 4373 dura
