<?xml version="1.0" encoding="UTF-8"?>
<!DOCTYPE html PUBLIC "-//W3C//DTD XHTML 1.0 Transitional//EN"
    "http://www.w3.org/TR/xhtml1/DTD/xhtml1-transitional.dtd">
<html xmlns="http://www.w3.org/1999/xhtml" xml:lang="en" lang="en">
 <head>
  <title>
</title>
<meta http-equiv="Content-Type" content="text/html;charset=utf-8" />
  <meta name='ocr-system' content='tesseract 3.04.00' />
  <meta name='ocr-capabilities' content='ocr_page ocr_carea ocr_par ocr_line ocrx_word'/>
</head>
<body>
  <div class='ocr_page' id='page_1' title='image "./gilbertiexabbat00gilegoog_0314.png"; bbox 0 0 3225 5192; ppageno 0'>
   <div class='ocr_carea' id='block_1_1' title="bbox 188 702 1212 806">
    <p class='ocr_par' dir='ltr' id='par_1_1' title="bbox 188 702 1212 806">
     <span class='ocr_line' id='line_1_1' title="bbox 188 702 1212 806; baseline 0.011 -45"><span class='ocrx_word' id='word_1_1' title='bbox 188 795 196 806; x_wconf 92' lang='lat'><strong>.</strong></span> <span class='ocrx_word' id='word_1_2' title='bbox 261 721 327 764; x_wconf 67' lang='lat' dir='ltr'><strong>an.</strong></span> <span class='ocrx_word' id='word_1_3' title='bbox 347 702 543 787; x_wconf 88' lang='grc'>116]-89.]</span> <span class='ocrx_word' id='word_1_4' title='bbox 597 727 1037 771; x_wconf 74' lang='lat' dir='ltr'><strong>uouuoulnuslsnrrsroum.</strong></span> <span class='ocrx_word' id='word_1_5' title='bbox 1148 710 1212 772; x_wconf 79' lang='lat'><strong>273</strong></span> 
     </span>
    </p>
   </div>
   <div class='ocr_carea' id='block_1_2' title="bbox 166 833 1214 4510">
    <p class='ocr_par' dir='ltr' id='par_1_2' title="bbox 166 833 1214 4510">
     <span class='ocr_line' id='line_1_2' title="bbox 262 833 1214 924; baseline 0.011 -27"><span class='ocrx_word' id='word_1_6' title='bbox 262 833 326 898; x_wconf 90' lang='lat' dir='ltr'><strong>eito</strong></span> <span class='ocrx_word' id='word_1_7' title='bbox 350 843 466 902; x_wconf 84' lang='lat' dir='ltr'><strong>oaetera</strong></span> <span class='ocrx_word' id='word_1_8' title='bbox 489 839 643 918; x_wconf 87' lang='lat' dir='ltr'><strong>membra,</strong></span> <span class='ocrx_word' id='word_1_9' title='bbox 667 847 700 904; x_wconf 89' lang='lat' dir='ltr'><strong>et</strong></span> <span class='ocrx_word' id='word_1_10' title='bbox 721 840 822 924; x_wconf 87' lang='lat' dir='ltr'><strong>ipsius</strong></span> <span class='ocrx_word' id='word_1_11' title='bbox 843 841 1013 905; x_wconf 87' lang='lat' dir='ltr'><strong>infirmitas</strong></span> <span class='ocrx_word' id='word_1_12' title='bbox 1035 842 1076 906; x_wconf 85' lang='lat' dir='ltr'><strong>ad</strong></span> <span class='ocrx_word' id='word_1_13' title='bbox 1097 851 1214 907; x_wconf 73' lang='lat' dir='ltr'><strong>catara</strong></span> 
     </span>
     <span class='ocr_line' id='line_1_3' title="bbox 166 929 1213 1028; baseline 0.007 -27"><span class='ocrx_word' id='word_1_14' title='bbox 166 935 172 948; x_wconf 88' lang='lat'>&#39;</span> <span class='ocrx_word' id='word_1_15' title='bbox 247 929 372 1002; x_wconf 82' lang='lat' dir='ltr'><strong>‘statim</strong></span> <span class='ocrx_word' id='word_1_16' title='bbox 402 940 548 1004; x_wconf 85' lang='lat' dir='ltr'><strong>membra</strong></span> <span class='ocrx_word' id='word_1_17' title='bbox 576 941 739 1007; x_wconf 80' lang='lat' dir='ltr'><strong>dilabitru.</strong></span> <span class='ocrx_word' id='word_1_18' title='bbox 800 944 876 1028; x_wconf 88' lang='lat' dir='ltr'><strong>lpse</strong></span> <span class='ocrx_word' id='word_1_19' title='bbox 905 945 992 1027; x_wconf 93' lang='lat' dir='ltr'><strong>quod</strong></span> <span class='ocrx_word' id='word_1_20' title='bbox 1025 945 1213 1028; x_wconf 83' lang='lat' dir='ltr'><strong>exigebatur</strong></span> 
     </span>
     <span class='ocr_line' id='line_1_4' title="bbox 247 1043 1212 1131; baseline 0.009 -29"><span class='ocrx_word' id='word_1_21' title='bbox 247 1043 419 1121; x_wconf 82' lang='lat' dir='ltr'><strong>annuens,</strong></span> <span class='ocrx_word' id='word_1_22' title='bbox 436 1050 469 1107; x_wconf 91' lang='lat' dir='ltr'><strong>et</strong></span> <span class='ocrx_word' id='word_1_23' title='bbox 485 1044 658 1127; x_wconf 74' lang='lat' dir='ltr'><strong>dignitates</strong></span> <span class='ocrx_word' id='word_1_24' title='bbox 673 1047 788 1129; x_wconf 85' lang='lat' dir='ltr'><strong>regias,</strong></span> <span class='ocrx_word' id='word_1_25' title='bbox 804 1054 837 1110; x_wconf 91' lang='lat' dir='ltr'><strong>et</strong></span> <span class='ocrx_word' id='word_1_26' title='bbox 852 1047 1001 1130; x_wconf 88' lang='lat' dir='ltr'><strong>antiquas</strong></span> <span class='ocrx_word' id='word_1_27' title='bbox 1023 1047 1115 1131; x_wconf 84' lang='lat' dir='ltr'><strong>regni</strong></span> <span class='ocrx_word' id='word_1_28' title='bbox 1137 1069 1212 1111; x_wconf 89' lang='lat' dir='ltr'><strong>eon-</strong></span> 
     </span>
     <span class='ocr_line' id='line_1_5' title="bbox 261 1145 1212 1235; baseline 0.009 -29"><span class='ocrx_word' id='word_1_29' title='bbox 261 1145 450 1211; x_wconf 87' lang='lat' dir='ltr'><strong>suetudines</strong></span> <span class='ocrx_word' id='word_1_30' title='bbox 466 1148 671 1231; x_wconf 88' lang='lat' dir='ltr'><strong>antiquorum</strong></span> <span class='ocrx_word' id='word_1_31' title='bbox 687 1150 843 1214; x_wconf 88' lang='lat' dir='ltr'><strong>memoria</strong></span> <span class='ocrx_word' id='word_1_32' title='bbox 855 1151 892 1212; x_wconf 92' lang='lat' dir='ltr'><strong>in</strong></span> <span class='ocrx_word' id='word_1_33' title='bbox 906 1171 1077 1214; x_wconf 86' lang='lat' dir='ltr'><strong>commune</strong></span> <span class='ocrx_word' id='word_1_34' title='bbox 1098 1172 1212 1235; x_wconf 89' lang='lat' dir='ltr'><strong>propo·</strong></span> 
     </span>
     <span class='ocr_line' id='line_1_6' title="bbox 261 1247 1212 1334; baseline 0.008 -24"><span class='ocrx_word' id='word_1_35' title='bbox 261 1247 347 1327; x_wconf 86' lang='lat' dir='ltr'><strong>sitas,</strong></span> <span class='ocrx_word' id='word_1_36' title='bbox 363 1256 397 1312; x_wconf 89' lang='lat' dir='ltr'><strong>et</strong></span> <span class='ocrx_word' id='word_1_37' title='bbox 419 1250 537 1334; x_wconf 87' lang='lat' dir='ltr'><strong>scripto</strong></span> <span class='ocrx_word' id='word_1_38' title='bbox 559 1251 810 1332; x_wconf 84' lang='lat' dir='ltr'><strong>commendatas,</strong></span> <span class='ocrx_word' id='word_1_39' title='bbox 825 1253 866 1317; x_wconf 93' lang='lat' dir='ltr'><strong>de</strong></span> <span class='ocrx_word' id='word_1_40' title='bbox 887 1261 1003 1316; x_wconf 84' lang='lat' dir='ltr'><strong>caetero</strong></span> <span class='ocrx_word' id='word_1_41' title='bbox 1025 1274 1059 1316; x_wconf 89' lang='lat' dir='ltr'><strong>se</strong></span> <span class='ocrx_word' id='word_1_42' title='bbox 1081 1254 1212 1318; x_wconf 89' lang='lat' dir='ltr'><strong>domino</strong></span> 
     </span>
     <span class='ocr_line' id='line_1_7' title="bbox 260 1353 1212 1436; baseline 0.008 -24"><span class='ocrx_word' id='word_1_43' title='bbox 260 1358 372 1415; x_wconf 89' lang='lat' dir='ltr'><strong>nostro</strong></span> <span class='ocrx_word' id='word_1_44' title='bbox 392 1353 462 1436; x_wconf 89' lang='lat' dir='ltr'><strong>regi</strong></span> <span class='ocrx_word' id='word_1_45' title='bbox 483 1354 621 1420; x_wconf 88' lang='lat' dir='ltr'><strong>fideliter</strong></span> <span class='ocrx_word' id='word_1_46' title='bbox 640 1356 893 1432; x_wconf 83' lang='lat' dir='ltr'><strong>observaturum,</strong></span> <span class='ocrx_word' id='word_1_47' title='bbox 907 1354 944 1418; x_wconf 90' lang='lat' dir='ltr'><strong>in</strong></span> <span class='ocrx_word' id='word_1_48' title='bbox 958 1354 1054 1418; x_wconf 84' lang='lat' dir='ltr'><strong>verbo</strong></span> <span class='ocrx_word' id='word_1_49' title='bbox 1068 1355 1212 1420; x_wconf 87' lang='lat' dir='ltr'><strong>veritatis</strong></span> 
     </span>
     <span class='ocr_line' id='line_1_8' title="bbox 261 1453 1210 1541; baseline 0.006 -25"><span class='ocrx_word' id='word_1_50' title='bbox 261 1453 407 1519; x_wconf 87' lang='lat' dir='ltr'><strong>absolute</strong></span> <span class='ocrx_word' id='word_1_51' title='bbox 424 1457 626 1539; x_wconf 83' lang='lat' dir='ltr'><strong>promittens,</strong></span> <span class='ocrx_word' id='word_1_52' title='bbox 641 1458 677 1522; x_wconf 91' lang='lat' dir='ltr'><strong>iu</strong></span> <span class='ocrx_word' id='word_1_53' title='bbox 691 1457 722 1522; x_wconf 87' lang='lat' dir='ltr'><strong>vi</strong></span> <span class='ocrx_word' id='word_1_54' title='bbox 736 1457 831 1522; x_wconf 90' lang='lat' dir='ltr'><strong>nobis</strong></span> <span class='ocrx_word' id='word_1_55' title='bbox 845 1457 1038 1521; x_wconf 85' lang='lat' dir='ltr'><strong>obedientiae</strong></span> <span class='ocrx_word' id='word_1_56' title='bbox 1053 1456 1210 1541; x_wconf 82' lang='lat' dir='ltr'><strong>adjunxit,</strong></span> 
     </span>
     <span class='ocr_line' id='line_1_9' title="bbox 260 1557 1211 1644; baseline 0.004 -24"><span class='ocrx_word' id='word_1_57' title='bbox 260 1557 430 1641; x_wconf 81' lang='lat' dir='ltr'><strong>sponsione</strong></span> <span class='ocrx_word' id='word_1_58' title='bbox 452 1560 549 1624; x_wconf 88' lang='lat' dir='ltr'><strong>simili</strong></span> <span class='ocrx_word' id='word_1_59' title='bbox 570 1583 630 1625; x_wconf 90' lang='lat' dir='ltr'><strong>nos</strong></span> <span class='ocrx_word' id='word_1_60' title='bbox 652 1561 803 1644; x_wconf 88' lang='lat' dir='ltr'><strong>obligare.</strong></span> <span class='ocrx_word' id='word_1_61' title='bbox 850 1560 963 1643; x_wconf 77' lang='lat' dir='ltr'><strong>Sopita</strong></span> <span class='ocrx_word' id='word_1_62' title='bbox 987 1567 1036 1624; x_wconf 84' lang='lat' dir='ltr'><strong>est</strong></span> <span class='ocrx_word' id='word_1_63' title='bbox 1060 1559 1122 1624; x_wconf 85' lang='lat' dir='ltr'><strong>hoe</strong></span> <span class='ocrx_word' id='word_1_64' title='bbox 1147 1562 1211 1624; x_wconf 85' lang='lat' dir='ltr'><strong>fine</strong></span> 
     </span>
     <span class='ocr_line' id='line_1_10' title="bbox 259 1660 1209 1747; baseline 0.007 -25"><span class='ocrx_word' id='word_1_65' title='bbox 259 1660 435 1740; x_wconf 86' lang='lat' dir='ltr'><strong>eontentio,</strong></span> <span class='ocrx_word' id='word_1_66' title='bbox 446 1661 614 1727; x_wconf 86' lang='lat' dir='ltr'><strong>sacerdotii</strong></span> <span class='ocrx_word' id='word_1_67' title='bbox 628 1664 673 1726; x_wconf 90' lang='lat' dir='ltr'><strong>sio</strong></span> <span class='ocrx_word' id='word_1_68' title='bbox 688 1669 738 1728; x_wconf 92' lang='lat' dir='ltr'><strong>est</strong></span> <span class='ocrx_word' id='word_1_69' title='bbox 752 1685 815 1747; x_wconf 83' lang='lat' dir='ltr'><strong>pax</strong></span> <span class='ocrx_word' id='word_1_70' title='bbox 826 1663 996 1728; x_wconf 70' lang='lat' dir='ltr'><strong>mnmhata</strong></span> <span class='ocrx_word' id='word_1_71' title='bbox 1009 1683 1084 1727; x_wconf 90' lang='lat' dir='ltr'><strong>enm</strong></span> <span class='ocrx_word' id='word_1_72' title='bbox 1097 1684 1209 1746; x_wconf 85' lang='lat' dir='ltr'><strong>regno.</strong></span> 
     </span>
     <span class='ocr_line' id='line_1_11' title="bbox 260 1762 1210 1852; baseline 0.007 -27"><span class='ocrx_word' id='word_1_73' title='bbox 260 1762 435 1828; x_wconf 85' lang='lat' dir='ltr'><strong>Descendit</strong></span> <span class='ocrx_word' id='word_1_74' title='bbox 454 1765 555 1830; x_wconf 82' lang='lat' dir='ltr'><strong>Israel</strong></span> <span class='ocrx_word' id='word_1_75' title='bbox 572 1766 607 1831; x_wconf 94' lang='lat' dir='ltr'><strong>in</strong></span> <span class='ocrx_word' id='word_1_76' title='bbox 621 1768 813 1852; x_wconf 82' lang='lat' dir='ltr'><strong>AEgyptum,</strong></span> <span class='ocrx_word' id='word_1_77' title='bbox 828 1766 915 1831; x_wconf 91' lang='lat' dir='ltr'><strong>uude</strong></span> <span class='ocrx_word' id='word_1_78' title='bbox 934 1789 1008 1831; x_wconf 90' lang='lat' dir='ltr'><strong>eum</strong></span> <span class='ocrx_word' id='word_1_79' title='bbox 1023 1767 1128 1832; x_wconf 91' lang='lat' dir='ltr'><strong>multa</strong></span> <span class='ocrx_word' id='word_1_80' title='bbox 1141 1768 1210 1851; x_wconf 86' lang='lat' dir='ltr'><strong>glo·</strong></span> 
     </span>
     <span class='ocr_line' id='line_1_12' title="bbox 259 1865 1210 1954; baseline 0.007 -25"><span class='ocrx_word' id='word_1_81' title='bbox 259 1865 308 1930; x_wconf 91' lang='lat' dir='ltr'><strong>ria</strong></span> <span class='ocrx_word' id='word_1_82' title='bbox 335 1867 455 1950; x_wconf 89' lang='lat' dir='ltr'><strong>legitur</strong></span> <span class='ocrx_word' id='word_1_83' title='bbox 483 1870 689 1953; x_wconf 91' lang='lat' dir='ltr'><strong>postmodum</strong></span> <span class='ocrx_word' id='word_1_84' title='bbox 718 1870 908 1934; x_wconf 80' lang='lat' dir='ltr'><strong>ascendisse.</strong></span> <span class='ocrx_word' id='word_1_85' title='bbox 953 1869 1057 1935; x_wconf 92' lang='lat' dir='ltr'><strong>Nobis</strong></span> <span class='ocrx_word' id='word_1_86' title='bbox 1083 1892 1210 1954; x_wconf 90' lang='lat' dir='ltr'><strong>quoque</strong></span> 
     </span>
     <span class='ocr_line' id='line_1_13' title="bbox 259 1973 1210 2058; baseline 0.006 -26"><span class='ocrx_word' id='word_1_87' title='bbox 259 1990 329 2052; x_wconf 92' lang='lat' dir='ltr'><strong>spes</strong></span> <span class='ocrx_word' id='word_1_88' title='bbox 353 1993 472 2056; x_wconf 85' lang='lat' dir='ltr'><strong>magna</strong></span> <span class='ocrx_word' id='word_1_89' title='bbox 494 1973 664 2052; x_wconf 87' lang='lat' dir='ltr'><strong>resederat,</strong></span> <span class='ocrx_word' id='word_1_90' title='bbox 684 1974 718 2037; x_wconf 94' lang='lat' dir='ltr'><strong>id</strong></span> <span class='ocrx_word' id='word_1_91' title='bbox 739 1974 826 2058; x_wconf 91' lang='lat' dir='ltr'><strong>quod</strong></span> <span class='ocrx_word' id='word_1_92' title='bbox 849 1974 999 2038; x_wconf 90' lang='lat' dir='ltr'><strong>dominus</strong></span> <span class='ocrx_word' id='word_1_93' title='bbox 1021 1980 1132 2038; x_wconf 85' lang='lat' dir='ltr'><strong>noster</strong></span> <span class='ocrx_word' id='word_1_94' title='bbox 1154 1995 1210 2038; x_wconf 85' lang='lat' dir='ltr'><strong>rex</strong></span> 
     </span>
     <span class='ocr_line' id='line_1_14' title="bbox 259 2072 1209 2161; baseline 0.006 -25"><span class='ocrx_word' id='word_1_95' title='bbox 259 2072 300 2135; x_wconf 92' lang='lat' dir='ltr'><strong>ad</strong></span> <span class='ocrx_word' id='word_1_96' title='bbox 321 2081 446 2158; x_wconf 89' lang='lat' dir='ltr'><strong>tempus</strong></span> <span class='ocrx_word' id='word_1_97' title='bbox 467 2076 516 2140; x_wconf 90' lang='lat' dir='ltr'><strong>ira</strong></span> <span class='ocrx_word' id='word_1_98' title='bbox 537 2084 644 2142; x_wconf 88' lang='lat' dir='ltr'><strong>motus</strong></span> <span class='ocrx_word' id='word_1_99' title='bbox 666 2090 824 2161; x_wconf 77' lang='lat' dir='ltr'><strong>exegerat,</strong></span> <span class='ocrx_word' id='word_1_100' title='bbox 847 2076 959 2140; x_wconf 82' lang='lat' dir='ltr'><strong>sedato</strong></span> <span class='ocrx_word' id='word_1_101' title='bbox 978 2077 1079 2160; x_wconf 85' lang='lat' dir='ltr'><strong>ipsius</strong></span> <span class='ocrx_word' id='word_1_102' title='bbox 1101 2076 1209 2142; x_wconf 87' lang='lat' dir='ltr'><strong>animo</strong></span> 
     </span>
     <span class='ocr_line' id='line_1_15' title="bbox 259 2176 1209 2264; baseline 0.004 -24"><span class='ocrx_word' id='word_1_103' title='bbox 259 2176 300 2240; x_wconf 86' lang='lat' dir='ltr'><strong>ad</strong></span> <span class='ocrx_word' id='word_1_104' title='bbox 319 2177 382 2241; x_wconf 91' lang='lat' dir='ltr'><strong>Dei</strong></span> <span class='ocrx_word' id='word_1_105' title='bbox 404 2179 538 2262; x_wconf 78' lang='lat' dir='ltr'><strong>gloriam</strong></span> <span class='ocrx_word' id='word_1_106' title='bbox 557 2188 590 2244; x_wconf 87' lang='lat' dir='ltr'><strong>et</strong></span> <span class='ocrx_word' id='word_1_107' title='bbox 612 2181 711 2264; x_wconf 91' lang='lat' dir='ltr'><strong>ipsius</strong></span> <span class='ocrx_word' id='word_1_108' title='bbox 731 2181 887 2244; x_wconf 86' lang='lat' dir='ltr'><strong>honorem</strong></span> <span class='ocrx_word' id='word_1_109' title='bbox 905 2179 1082 2244; x_wconf 85' lang='lat' dir='ltr'><strong>iubenum</strong></span> <span class='ocrx_word' id='word_1_110' title='bbox 1101 2179 1209 2244; x_wconf 86' lang='lat' dir='ltr'><strong>denuo</strong></span> 
     </span>
     <span class='ocr_line' id='line_1_16' title="bbox 259 2282 1208 2367; baseline 0.004 -24"><span class='ocrx_word' id='word_1_111' title='bbox 259 2299 326 2343; x_wconf 89' lang='lat' dir='ltr'><strong>esse</strong></span> <span class='ocrx_word' id='word_1_112' title='bbox 351 2282 600 2348; x_wconf 85' lang='lat' dir='ltr'><strong>reformandum.</strong></span> <span class='ocrx_word' id='word_1_113' title='bbox 647 2283 769 2348; x_wconf 85' lang='lat' dir='ltr'><strong>Invidit</strong></span> <span class='ocrx_word' id='word_1_114' title='bbox 794 2283 866 2367; x_wconf 85' lang='lat' dir='ltr'><strong>paci</strong></span> <span class='ocrx_word' id='word_1_115' title='bbox 891 2290 1015 2347; x_wconf 83' lang='lat' dir='ltr'><strong>tenerae</strong></span> <span class='ocrx_word' id='word_1_116' title='bbox 1040 2282 1127 2366; x_wconf 84' lang='lat' dir='ltr'><strong>paeis</strong></span> <span class='ocrx_word' id='word_1_117' title='bbox 1153 2282 1208 2347; x_wconf 90' lang='lat' dir='ltr'><strong>ille</strong></span> 
     </span>
     <span class='ocr_line' id='line_1_17' title="bbox 257 2383 1209 2469; baseline 0.003 -24"><span class='ocrx_word' id='word_1_118' title='bbox 257 2383 403 2449; x_wconf 88' lang='lat' dir='ltr'><strong>turbator</strong></span> <span class='ocrx_word' id='word_1_119' title='bbox 421 2386 586 2468; x_wconf 89' lang='lat' dir='ltr'><strong>pristinus.</strong></span> <span class='ocrx_word' id='word_1_120' title='bbox 631 2387 675 2449; x_wconf 85' lang='lat' dir='ltr'><strong>Et</strong></span> <span class='ocrx_word' id='word_1_121' title='bbox 694 2387 750 2469; x_wconf 92' lang='lat' dir='ltr'><strong>qui</strong></span> <span class='ocrx_word' id='word_1_122' title='bbox 771 2385 919 2469; x_wconf 88' lang='lat' dir='ltr'><strong>procellis</strong></span> <span class='ocrx_word' id='word_1_123' title='bbox 937 2385 1113 2468; x_wconf 76' lang='lat' dir='ltr'><strong>enavigatis</strong></span> <span class='ocrx_word' id='word_1_124' title='bbox 1135 2406 1209 2467; x_wconf 87' lang='lat' dir='ltr'><strong>spe-</strong></span> 
     </span>
     <span class='ocr_line' id='line_1_18' title="bbox 255 2485 1208 2571; baseline 0.004 -23"><span class='ocrx_word' id='word_1_125' title='bbox 255 2485 407 2550; x_wconf 89' lang='lat' dir='ltr'><strong>rabamus</strong></span> <span class='ocrx_word' id='word_1_126' title='bbox 420 2496 541 2553; x_wconf 82' lang='lat' dir='ltr'><strong>teuerae</strong></span> <span class='ocrx_word' id='word_1_127' title='bbox 559 2489 627 2571; x_wconf 86' lang='lat' dir='ltr'><strong>jam</strong></span> <span class='ocrx_word' id='word_1_128' title='bbox 650 2497 789 2571; x_wconf 84' lang='lat' dir='ltr'><strong>portum,</strong></span> <span class='ocrx_word' id='word_1_129' title='bbox 805 2487 975 2570; x_wconf 90' lang='lat' dir='ltr'><strong>Aquilonis</strong></span> <span class='ocrx_word' id='word_1_130' title='bbox 990 2507 1064 2551; x_wconf 88' lang='lat' dir='ltr'><strong>eoee</strong></span> <span class='ocrx_word' id='word_1_131' title='bbox 1078 2487 1208 2552; x_wconf 84' lang='lat' dir='ltr'><strong>flatibus</strong></span> 
     </span>
     <span class='ocr_line' id='line_1_19' title="bbox 256 2590 1207 2676; baseline 0.002 -22"><span class='ocrx_word' id='word_1_132' title='bbox 256 2591 478 2673; x_wconf 82' lang='lat' dir='ltr'><strong>compellimur</strong></span> <span class='ocrx_word' id='word_1_133' title='bbox 492 2592 527 2655; x_wconf 90' lang='lat' dir='ltr'><strong>in</strong></span> <span class='ocrx_word' id='word_1_134' title='bbox 542 2592 749 2676; x_wconf 85' lang='lat' dir='ltr'><strong>profundum.</strong></span> <span class='ocrx_word' id='word_1_135' title='bbox 774 2593 899 2655; x_wconf 80' lang='lat' dir='ltr'><strong>Recens</strong></span> <span class='ocrx_word' id='word_1_136' title='bbox 914 2598 983 2654; x_wconf 88' lang='lat' dir='ltr'><strong>erat</strong></span> <span class='ocrx_word' id='word_1_137' title='bbox 997 2591 1054 2654; x_wconf 87' lang='lat' dir='ltr'><strong>illa</strong></span> <span class='ocrx_word' id='word_1_138' title='bbox 1063 2592 1099 2654; x_wconf 88' lang='lat' dir='ltr'><strong>in</strong></span> <span class='ocrx_word' id='word_1_139' title='bbox 1110 2590 1207 2656; x_wconf 89' lang='lat' dir='ltr'><strong>verbo</strong></span> 
     </span>
     <span class='ocr_line' id='line_1_20' title="bbox 255 2693 1209 2778; baseline 0.001 -23"><span class='ocrx_word' id='word_1_140' title='bbox 255 2693 397 2756; x_wconf 87' lang='lat' dir='ltr'><strong>veritatis</strong></span> <span class='ocrx_word' id='word_1_141' title='bbox 412 2695 480 2778; x_wconf 89' lang='lat' dir='ltr'><strong>regi</strong></span> <span class='ocrx_word' id='word_1_142' title='bbox 494 2694 580 2759; x_wconf 82' lang='lat' dir='ltr'><strong>faeta</strong></span> <span class='ocrx_word' id='word_1_143' title='bbox 595 2695 838 2778; x_wconf 63' lang='lat' dir='ltr'><strong>promissiones</strong></span> <span class='ocrx_word' id='word_1_144' title='bbox 854 2694 917 2758; x_wconf 88' lang='lat' dir='ltr'><strong>nisi</strong></span> <span class='ocrx_word' id='word_1_145' title='bbox 930 2693 971 2757; x_wconf 88' lang='lat' dir='ltr'><strong>ab</strong></span> <span class='ocrx_word' id='word_1_146' title='bbox 987 2715 1025 2757; x_wconf 91' lang='lat' dir='ltr'><strong>eo</strong></span> <span class='ocrx_word' id='word_1_147' title='bbox 1035 2693 1209 2774; x_wconf 87' lang='lat' dir='ltr'><strong>impetrata</strong></span> 
     </span>
     <span class='ocr_line' id='line_1_21' title="bbox 255 2795 1206 2881; baseline 0.001 -23"><span class='ocrx_word' id='word_1_148' title='bbox 255 2795 385 2860; x_wconf 88' lang='lat' dir='ltr'><strong>lieentia</strong></span> <span class='ocrx_word' id='word_1_149' title='bbox 414 2819 480 2861; x_wconf 90' lang='lat' dir='ltr'><strong>uon</strong></span> <span class='ocrx_word' id='word_1_150' title='bbox 510 2797 723 2862; x_wconf 84' lang='lat' dir='ltr'><strong>discessurum</strong></span> <span class='ocrx_word' id='word_1_151' title='bbox 753 2818 910 2881; x_wconf 89' lang='lat' dir='ltr'><strong>aregno.</strong></span> <span class='ocrx_word' id='word_1_152' title='bbox 957 2795 1118 2878; x_wconf 81' lang='lat' dir='ltr'><strong>Scriptum</strong></span> <span class='ocrx_word' id='word_1_153' title='bbox 1146 2803 1206 2875; x_wconf 89' lang='lat' dir='ltr'><strong>est,</strong></span> 
     </span>
     <span class='ocr_line' id='line_1_22' title="bbox 255 2897 1205 2985; baseline 0 -25"><span class='ocrx_word' id='word_1_154' title='bbox 255 2898 352 2962; x_wconf 85' lang='lat' dir='ltr'><strong>verba</strong></span> <span class='ocrx_word' id='word_1_155' title='bbox 368 2901 540 2966; x_wconf 82' lang='lat' dir='ltr'><strong>sacerdotis</strong></span> <span class='ocrx_word' id='word_1_156' title='bbox 555 2901 706 2966; x_wconf 88' lang='lat' dir='ltr'><strong>comitem</strong></span> <span class='ocrx_word' id='word_1_157' title='bbox 722 2922 848 2985; x_wconf 87' lang='lat' dir='ltr'><strong>semper</strong></span> <span class='ocrx_word' id='word_1_158' title='bbox 862 2900 1003 2964; x_wconf 78' lang='lat' dir='ltr'><strong>habeant</strong></span> <span class='ocrx_word' id='word_1_159' title='bbox 1016 2897 1205 2976; x_wconf 79' lang='lat' dir='ltr'><strong>ve1&#39;itatem3</strong></span> 
     </span>
     <span class='ocr_line' id='line_1_23' title="bbox 255 2999 1208 3088; baseline 0.002 -24"><span class='ocrx_word' id='word_1_160' title='bbox 255 2999 335 3064; x_wconf 88' lang='lat' dir='ltr'><strong>illud</strong></span> <span class='ocrx_word' id='word_1_161' title='bbox 351 3024 487 3087; x_wconf 89' lang='lat' dir='ltr'><strong>quoque,</strong></span> <span class='ocrx_word' id='word_1_162' title='bbox 503 3005 590 3088; x_wconf 91' lang='lat' dir='ltr'><strong>quod</strong></span> <span class='ocrx_word' id='word_1_163' title='bbox 609 3005 680 3088; x_wconf 92' lang='lat' dir='ltr'><strong>quis</strong></span> <span class='ocrx_word' id='word_1_164' title='bbox 700 3003 777 3070; x_wconf 82' lang='lat' dir='ltr'><strong>dicit</strong></span> <span class='ocrx_word' id='word_1_165' title='bbox 795 3003 923 3067; x_wconf 84' lang='lat' dir='ltr'><strong>veritati</strong></span> <span class='ocrx_word' id='word_1_166' title='bbox 943 3000 1049 3080; x_wconf 88' lang='lat' dir='ltr'><strong>debet,</strong></span> <span class='ocrx_word' id='word_1_167' title='bbox 1068 3007 1101 3065; x_wconf 88' lang='lat' dir='ltr'><strong>et</strong></span> <span class='ocrx_word' id='word_1_168' title='bbox 1120 3001 1208 3083; x_wconf 91' lang='lat' dir='ltr'><strong>quod</strong></span> 
     </span>
     <span class='ocr_line' id='line_1_24' title="bbox 255 3104 1209 3188; baseline 0.002 -22"><span class='ocrx_word' id='word_1_169' title='bbox 255 3104 425 3187; x_wconf 88' lang='lat' dir='ltr'><strong>promittit,</strong></span> <span class='ocrx_word' id='word_1_170' title='bbox 435 3107 520 3172; x_wconf 90' lang='lat' dir='ltr'><strong>fidei.</strong></span> <span class='ocrx_word' id='word_1_171' title='bbox 561 3108 710 3172; x_wconf 85' lang='lat' dir='ltr'><strong>Emensis</strong></span> <span class='ocrx_word' id='word_1_172' title='bbox 725 3116 836 3172; x_wconf 88' lang='lat' dir='ltr'><strong>tamen</strong></span> <span class='ocrx_word' id='word_1_173' title='bbox 851 3105 964 3170; x_wconf 91' lang='lat' dir='ltr'><strong>diebus</strong></span> <span class='ocrx_word' id='word_1_174' title='bbox 979 3104 1089 3188; x_wconf 90' lang='lat' dir='ltr'><strong>paneis</strong></span> <span class='ocrx_word' id='word_1_175' title='bbox 1104 3105 1209 3168; x_wconf 85' lang='lat' dir='ltr'><strong>ventis</strong></span> 
     </span>
     <span class='ocr_line' id='line_1_25' title="bbox 254 3207 1208 3294; baseline 0 -25"><span class='ocrx_word' id='word_1_176' title='bbox 254 3208 324 3271; x_wconf 84' lang='lat' dir='ltr'><strong>vela</strong></span> <span class='ocrx_word' id='word_1_177' title='bbox 339 3210 552 3290; x_wconf 87' lang='lat' dir='ltr'><strong>commisistis,</strong></span> <span class='ocrx_word' id='word_1_178' title='bbox 565 3219 598 3275; x_wconf 84' lang='lat' dir='ltr'><strong>et</strong></span> <span class='ocrx_word' id='word_1_179' title='bbox 613 3232 777 3294; x_wconf 87' lang='lat' dir='ltr'><strong>egressum</strong></span> <span class='ocrx_word' id='word_1_180' title='bbox 792 3231 812 3273; x_wconf 90' lang='lat' dir='ltr'><strong>a</strong></span> <span class='ocrx_word' id='word_1_181' title='bbox 826 3229 927 3292; x_wconf 90' lang='lat' dir='ltr'><strong>regno</strong></span> <span class='ocrx_word' id='word_1_182' title='bbox 940 3228 1010 3272; x_wconf 86' lang='lat' dir='ltr'><strong>rem</strong></span> <span class='ocrx_word' id='word_1_183' title='bbox 1024 3228 1101 3290; x_wconf 89' lang='lat' dir='ltr'><strong>rege</strong></span> <span class='ocrx_word' id='word_1_184' title='bbox 1116 3207 1208 3290; x_wconf 87' lang='lat' dir='ltr'><strong>peni-</strong></span> 
     </span>
     <span class='ocr_line' id='line_1_26' title="bbox 254 3311 1209 3397; baseline -0.001 -23"><span class='ocrx_word' id='word_1_185' title='bbox 254 3317 309 3374; x_wconf 88' lang='lat' dir='ltr'><strong>tus</strong></span> <span class='ocrx_word' id='word_1_186' title='bbox 335 3311 505 3393; x_wconf 84' lang='lat' dir='ltr'><strong>ignorante</strong></span> <span class='ocrx_word' id='word_1_187' title='bbox 531 3314 744 3397; x_wconf 80' lang='lat' dir='ltr'><strong>procurastis;</strong></span> <span class='ocrx_word' id='word_1_188' title='bbox 771 3335 835 3397; x_wconf 91' lang='lat' dir='ltr'><strong>quo</strong></span> <span class='ocrx_word' id='word_1_189' title='bbox 861 3312 982 3391; x_wconf 87' lang='lat' dir='ltr'><strong>audito,</strong></span> <span class='ocrx_word' id='word_1_190' title='bbox 1009 3332 1106 3374; x_wconf 90' lang='lat' dir='ltr'><strong>nemo</strong></span> <span class='ocrx_word' id='word_1_191' title='bbox 1130 3331 1209 3394; x_wconf 85' lang='lat' dir='ltr'><strong>rege</strong></span> 
     </span>
     <span class='ocr_line' id='line_1_27' title="bbox 254 3414 1209 3500; baseline -0.001 -22"><span class='ocrx_word' id='word_1_192' title='bbox 254 3414 326 3498; x_wconf 93' lang='lat' dir='ltr'><strong>plus</strong></span> <span class='ocrx_word' id='word_1_193' title='bbox 342 3415 475 3499; x_wconf 89' lang='lat' dir='ltr'><strong>stupuit,</strong></span> <span class='ocrx_word' id='word_1_194' title='bbox 491 3438 586 3480; x_wconf 91' lang='lat' dir='ltr'><strong>nemo</strong></span> <span class='ocrx_word' id='word_1_195' title='bbox 600 3418 672 3500; x_wconf 90' lang='lat' dir='ltr'><strong>plus</strong></span> <span class='ocrx_word' id='word_1_196' title='bbox 687 3417 800 3496; x_wconf 91' lang='lat' dir='ltr'><strong>doluit,</strong></span> <span class='ocrx_word' id='word_1_197' title='bbox 817 3416 941 3499; x_wconf 91' lang='lat' dir='ltr'><strong>stupuit</strong></span> <span class='ocrx_word' id='word_1_198' title='bbox 955 3436 1023 3478; x_wconf 92' lang='lat' dir='ltr'><strong>non</strong></span> <span class='ocrx_word' id='word_1_199' title='bbox 1037 3435 1106 3478; x_wconf 87' lang='lat' dir='ltr'><strong>esse</strong></span> <span class='ocrx_word' id='word_1_200' title='bbox 1120 3434 1209 3477; x_wconf 90' lang='lat' dir='ltr'><strong>eom·</strong></span> 
     </span>
     <span class='ocr_line' id='line_1_28' title="bbox 254 3517 1207 3604; baseline -0.001 -24"><span class='ocrx_word' id='word_1_201' title='bbox 254 3517 387 3599; x_wconf 88' lang='lat' dir='ltr'><strong>pletum,</strong></span> <span class='ocrx_word' id='word_1_202' title='bbox 403 3519 490 3602; x_wconf 89' lang='lat' dir='ltr'><strong>quod</strong></span> <span class='ocrx_word' id='word_1_203' title='bbox 503 3519 609 3584; x_wconf 87' lang='lat' dir='ltr'><strong>fuerat</strong></span> <span class='ocrx_word' id='word_1_204' title='bbox 624 3540 644 3583; x_wconf 88' lang='lat' dir='ltr'><strong>a</strong></span> <span class='ocrx_word' id='word_1_205' title='bbox 657 3519 810 3604; x_wconf 82' lang='lat' dir='ltr'><strong>pontifice</strong></span> <span class='ocrx_word' id='word_1_206' title='bbox 825 3518 917 3603; x_wconf 87' lang='lat' dir='ltr'><strong>quasi</strong></span> <span class='ocrx_word' id='word_1_207' title='bbox 928 3518 1114 3602; x_wconf 88' lang='lat' dir='ltr'><strong>juramento</strong></span> <span class='ocrx_word' id='word_1_208' title='bbox 1133 3537 1207 3598; x_wconf 90' lang='lat' dir='ltr'><strong>pro-</strong></span> 
     </span>
     <span class='ocr_line' id='line_1_29' title="bbox 254 3619 1208 3707; baseline -0.005 -21"><span class='ocrx_word' id='word_1_209' title='bbox 254 3622 397 3686; x_wconf 89' lang='lat' dir='ltr'><strong>missum.</strong></span> <span class='ocrx_word' id='word_1_210' title='bbox 443 3623 557 3688; x_wconf 89' lang='lat' dir='ltr'><strong>Doluit</strong></span> <span class='ocrx_word' id='word_1_211' title='bbox 578 3624 614 3687; x_wconf 93' lang='lat' dir='ltr'><strong>in</strong></span> <span class='ocrx_word' id='word_1_212' title='bbox 636 3645 670 3688; x_wconf 88' lang='lat' dir='ltr'><strong>se</strong></span> <span class='ocrx_word' id='word_1_213' title='bbox 692 3645 788 3707; x_wconf 85' lang='lat' dir='ltr'><strong>grave</strong></span> <span class='ocrx_word' id='word_1_214' title='bbox 808 3623 912 3686; x_wconf 79' lang='lat' dir='ltr'><strong>sciens</strong></span> <span class='ocrx_word' id='word_1_215' title='bbox 931 3619 1119 3685; x_wconf 82' lang='lat' dir='ltr'><strong>scandalum</strong></span> <span class='ocrx_word' id='word_1_216' title='bbox 1135 3641 1208 3682; x_wconf 86' lang='lat' dir='ltr'><strong>aus-</strong></span> 
     </span>
     <span class='ocr_line' id='line_1_30' title="bbox 255 3722 1206 3810; baseline -0.005 -20"><span class='ocrx_word' id='word_1_217' title='bbox 255 3725 355 3804; x_wconf 81' lang='lat' dir='ltr'><strong>citari,</strong></span> <span class='ocrx_word' id='word_1_218' title='bbox 371 3733 404 3791; x_wconf 84' lang='lat' dir='ltr'><strong>et</strong></span> <span class='ocrx_word' id='word_1_219' title='bbox 423 3727 554 3791; x_wconf 78' lang='lat' dir='ltr'><strong>illaesam</strong></span> <span class='ocrx_word' id='word_1_220' title='bbox 574 3727 730 3792; x_wconf 86' lang='lat' dir='ltr'><strong>haetenus</strong></span> <span class='ocrx_word' id='word_1_221' title='bbox 750 3727 936 3810; x_wconf 87' lang='lat' dir='ltr'><strong>opinionem</strong></span> <span class='ocrx_word' id='word_1_222' title='bbox 956 3745 1047 3788; x_wconf 73' lang='lat' dir='ltr'><strong>saram</strong></span> <span class='ocrx_word' id='word_1_223' title='bbox 1067 3744 1107 3787; x_wconf 85' lang='lat' dir='ltr'><strong>ex</strong></span> <span class='ocrx_word' id='word_1_224' title='bbox 1126 3722 1206 3805; x_wconf 82' lang='lat' dir='ltr'><strong>fuga</strong></span> 
     </span>
     <span class='ocr_line' id='line_1_31' title="bbox 253 3825 1207 3914; baseline -0.001 -23"><span class='ocrx_word' id='word_1_225' title='bbox 253 3827 313 3893; x_wconf 89' lang='lat' dir='ltr'><strong>hae</strong></span> <span class='ocrx_word' id='word_1_226' title='bbox 329 3829 414 3912; x_wconf 87' lang='lat' dir='ltr'><strong>apud</strong></span> <span class='ocrx_word' id='word_1_227' title='bbox 429 3837 543 3913; x_wconf 88' lang='lat' dir='ltr'><strong>gentes</strong></span> <span class='ocrx_word' id='word_1_228' title='bbox 558 3837 591 3894; x_wconf 90' lang='lat' dir='ltr'><strong>et</strong></span> <span class='ocrx_word' id='word_1_229' title='bbox 605 3851 708 3914; x_wconf 87' lang='lat' dir='ltr'><strong>regna</strong></span> <span class='ocrx_word' id='word_1_230' title='bbox 722 3829 908 3912; x_wconf 87' lang='lat' dir='ltr'><strong>gravissime</strong></span> <span class='ocrx_word' id='word_1_231' title='bbox 922 3825 1071 3891; x_wconf 80' lang='lat' dir='ltr'><strong>lacessiri.</strong></span> <span class='ocrx_word' id='word_1_232' title='bbox 1115 3825 1207 3892; x_wconf 82' lang='lat' dir='ltr'><strong>Quid</strong></span> 
     </span>
     <span class='ocr_line' id='line_1_32' title="bbox 253 3928 1205 4016; baseline -0.005 -21"><span class='ocrx_word' id='word_1_233' title='bbox 253 3933 341 3996; x_wconf 92' lang='lat' dir='ltr'><strong>enim</strong></span> <span class='ocrx_word' id='word_1_234' title='bbox 355 3933 497 3998; x_wconf 85' lang='lat' dir='ltr'><strong>veritatis</strong></span> <span class='ocrx_word' id='word_1_235' title='bbox 513 3933 627 4016; x_wconf 86' lang='lat' dir='ltr'><strong>ignari,</strong></span> <span class='ocrx_word' id='word_1_236' title='bbox 644 3932 721 4015; x_wconf 93' lang='lat' dir='ltr'><strong>quid</strong></span> <span class='ocrx_word' id='word_1_237' title='bbox 735 3937 886 4015; x_wconf 85' lang='lat' dir='ltr'><strong>poterant</strong></span> <span class='ocrx_word' id='word_1_238' title='bbox 903 3952 943 3994; x_wconf 85' lang='lat' dir='ltr'><strong>ex</strong></span> <span class='ocrx_word' id='word_1_239' title='bbox 960 3930 1011 3993; x_wconf 89' lang='lat' dir='ltr'><strong>his</strong></span> <span class='ocrx_word' id='word_1_240' title='bbox 1028 3928 1117 3993; x_wconf 90' lang='lat' dir='ltr'><strong>aliud</strong></span> <span class='ocrx_word' id='word_1_241' title='bbox 1135 3949 1205 3991; x_wconf 89' lang='lat' dir='ltr'><strong>sus-</strong></span> 
     </span>
     <span class='ocr_line' id='line_1_33' title="bbox 252 4031 1205 4119; baseline -0.007 -21"><span class='ocrx_word' id='word_1_242' title='bbox 252 4035 360 4118; x_wconf 85' lang='lat' dir='ltr'><strong>picari,</strong></span> <span class='ocrx_word' id='word_1_243' title='bbox 388 4057 485 4119; x_wconf 88' lang='lat' dir='ltr'><strong>quam</strong></span> <span class='ocrx_word' id='word_1_244' title='bbox 510 4056 620 4119; x_wconf 86' lang='lat' dir='ltr'><strong>regem</strong></span> <span class='ocrx_word' id='word_1_245' title='bbox 644 4033 741 4118; x_wconf 80' lang='lat' dir='ltr'><strong>regiae</strong></span> <span class='ocrx_word' id='word_1_246' title='bbox 766 4033 896 4118; x_wconf 88' lang='lat' dir='ltr'><strong>pietatis</strong></span> <span class='ocrx_word' id='word_1_247' title='bbox 921 4033 1142 4096; x_wconf 88' lang='lat' dir='ltr'><strong>immemorem</strong></span> <span class='ocrx_word' id='word_1_248' title='bbox 1168 4031 1205 4092; x_wconf 93' lang='lat' dir='ltr'><strong>in</strong></span> 
     </span>
     <span class='ocr_line' id='line_1_34' title="bbox 250 4133 1201 4225; baseline -0.013 -17"><span class='ocrx_word' id='word_1_249' title='bbox 250 4142 384 4225; x_wconf 82' lang='lat' dir='ltr'><strong>tyranni</strong></span> <span class='ocrx_word' id='word_1_250' title='bbox 402 4141 525 4206; x_wconf 86' lang='lat' dir='ltr'><strong>rabiem</strong></span> <span class='ocrx_word' id='word_1_251' title='bbox 545 4139 707 4217; x_wconf 84' lang='lat' dir='ltr'><strong>exarsisse,</strong></span> <span class='ocrx_word' id='word_1_252' title='bbox 727 4145 760 4202; x_wconf 86' lang='lat' dir='ltr'><strong>et</strong></span> <span class='ocrx_word' id='word_1_253' title='bbox 780 4137 853 4202; x_wconf 89' lang='lat' dir='ltr'><strong>odio</strong></span> <span class='ocrx_word' id='word_1_254' title='bbox 873 4136 994 4201; x_wconf 85' lang='lat' dir='ltr'><strong>Christi</strong></span> <span class='ocrx_word' id='word_1_255' title='bbox 1015 4133 1201 4198; x_wconf 88' lang='lat' dir='ltr'><strong>ministrum</strong></span> 
     </span>
     <span class='ocr_line' id='line_1_35' title="bbox 251 4235 1202 4330; baseline -0.016 -21"><span class='ocrx_word' id='word_1_256' title='bbox 251 4245 320 4330; x_wconf 88' lang='lat' dir='ltr'><strong>ejus</strong></span> <span class='ocrx_word' id='word_1_257' title='bbox 340 4267 362 4309; x_wconf 88' lang='lat' dir='ltr'><strong>a</strong></span> <span class='ocrx_word' id='word_1_258' title='bbox 378 4265 479 4327; x_wconf 89' lang='lat' dir='ltr'><strong>regno</strong></span> <span class='ocrx_word' id='word_1_259' title='bbox 499 4264 556 4308; x_wconf 91' lang='lat' dir='ltr'><strong>suo</strong></span> <span class='ocrx_word' id='word_1_260' title='bbox 576 4252 609 4307; x_wconf 88' lang='lat' dir='ltr'><strong>et</strong></span> <span class='ocrx_word' id='word_1_261' title='bbox 629 4239 856 4306; x_wconf 89' lang='lat' dir='ltr'><strong>dominationis</strong></span> <span class='ocrx_word' id='word_1_262' title='bbox 876 4260 943 4304; x_wconf 71' lang='lat' dir='ltr'><strong>suaa</strong></span> <span class='ocrx_word' id='word_1_263' title='bbox 961 4235 1080 4302; x_wconf 88' lang='lat' dir='ltr'><strong>finibus</strong></span> <span class='ocrx_word' id='word_1_264' title='bbox 1102 4254 1202 4316; x_wconf 83' lang='lat' dir='ltr'><strong>expu-</strong></span> 
     </span>
     <span class='ocr_line' id='line_1_36' title="bbox 249 4338 1200 4421; baseline -0.013 -8"><span class='ocrx_word' id='word_1_265' title='bbox 249 4349 346 4413; x_wconf 84' lang='lat' dir='ltr'><strong>lisse?</strong></span> <span class='ocrx_word' id='word_1_266' title='bbox 390 4347 506 4412; x_wconf 84' lang='lat' dir='ltr'><strong>Mallet</strong></span> <span class='ocrx_word' id='word_1_267' title='bbox 520 4347 555 4412; x_wconf 90' lang='lat' dir='ltr'><strong>in</strong></span> <span class='ocrx_word' id='word_1_268' title='bbox 570 4366 666 4411; x_wconf 85' lang='lat' dir='ltr'><strong>earne</strong></span> <span class='ocrx_word' id='word_1_269' title='bbox 686 4366 744 4408; x_wconf 88' lang='lat' dir='ltr'><strong>sua</strong></span> <span class='ocrx_word' id='word_1_270' title='bbox 764 4365 865 4408; x_wconf 90' lang='lat' dir='ltr'><strong>manu</strong></span> <span class='ocrx_word' id='word_1_271' title='bbox 878 4349 984 4406; x_wconf 82' lang='lat' dir='ltr'><strong>vestra</strong></span> <span class='ocrx_word' id='word_1_272' title='bbox 996 4338 1114 4403; x_wconf 84' lang='lat' dir='ltr'><strong>vulnus</strong></span> <span class='ocrx_word' id='word_1_273' title='bbox 1128 4357 1200 4421; x_wconf 85' lang='lat' dir='ltr'><strong>gra·</strong></span> 
     </span>
     <span class='ocr_line' id='line_1_37' title="bbox 718 4469 736 4510; baseline 0 0"><span class='ocrx_word' id='word_1_274' title='bbox 718 4469 736 4510; x_wconf 84' lang='lat' dir='ltr'><strong>r</strong></span> 
     </span>
    </p>
   </div>
   <div class='ocr_carea' id='block_1_3' title="bbox 0 0 1618 5192">
    <p class='ocr_par' dir='ltr' id='par_1_3' title="bbox 0 0 1618 5192">
     <span class='ocr_line' id='line_1_38' title="bbox 0 0 1618 5192; baseline 0 4"><span class='ocrx_word' id='word_1_275' title='bbox 0 0 1618 5192; x_wconf 95' lang='lat' dir='ltr'><strong> </strong></span> 
     </span>
    </p>
   </div>
  </div>
 </body>
</html>
