3225 5192
413 700 478 766 276
727 683 888 760 ornanum
906 715 1059 760 srrscorr

414 836 470 900 sed
485 842 519 900 ct
533 833 782 900 ecclesiasticum
797 834 966 918 reputatis,
982 832 1024 897 ad
1043 833 1129 916 quod
1148 832 1367 898 roborandum

414 939 448 1004 id
472 939 606 1004 sortasse
630 937 819 1022 proponitis,
842 937 928 1019 quod
952 936 1110 1021 imperiali
1135 936 1259 1021 jndicio
1287 955 1370 1019 papa

414 1042 482 1106 Leo
500 1049 636 1128 quartus
655 1040 829 1105 emendare
843 1040 955 1118 voluit,
971 1041 998 1102 si
1014 1039 1093 1123 quid
1106 1040 1143 1102 in
1158 1038 1305 1103 subditos
1319 1037 1369 1101 in·

411 1144 499 1228 juste
520 1141 690 1222 commisit,
707 1142 870 1207 Ludevico
884 1143 1036 1226 Augusto
1050 1141 1096 1205 sie
1111 1140 1275 1205 scribens:
1297 1141 1370 1204 Nos

414 1247 442 1311 si
459 1248 715 1332 incompetenter
730 1245 850 1329 aliqmd
865 1245 1000 1328 egimus,
1016 1251 1050 1308 et
1068 1244 1104 1307 in
1123 1243 1261 1308 subditis
1271 1244 1370 1327 justae

414 1350 495 1434 legis
510 1351 673 1414 tramitem
688 1371 756 1413 non
770 1348 1035 1427 conservavimus,
1050 1355 1157 1412 vestro
1178 1355 1236 1412 aut
1257 1346 1370 1410 missc-

415 1473 490 1517 rum
505 1459 682 1516 vestrorum
702 1459 821 1516 cunda
839 1451 987 1515 volumus
1001 1451 1166 1515 emendari
1185 1449 1318 1535 judicic,
1332 1457 1372 1513 nt

416 1577 527 1620 eornm
549 1554 694 1638 legitimo
716 1563 835 1619 cuneta
855 1554 1075 1618 terminentur
1096 1554 1254 1632 examine,
1271 1573 1315 1616 ne
1329 1553 1372 1616 sit

416 1659 452 1723 in
466 1665 632 1742 posterum
648 1657 733 1741 quod
747 1657 958 1722 indiscretum
973 1656 1077 1722 valeat
1090 1677 1289 1741 permanere.
1335 1655 1372 1718 Si

415 1761 505 1826 vebis
521 1782 612 1826 mens
633 1761 696 1825 ista
710 1767 771 1839 cst,
786 1761 973 1824 discretioni
987 1767 1102 1824 vesti-xe
1117 1781 1214 1843 quam
1229 1758 1372 1842 plurium

416 1866 452 1929 in
467 1865 528 1930 hoc
543 1865 705 1929 consentit
720 1863 840 1948 opinio,
848 1871 888 1928 nt
899 1863 941 1928 ob
952 1862 1145 1927 sacramenti
1160 1861 1372 1926 reverentiam

417 1989 527 2051 regem
543 1967 714 2046 oestiment,
727 1989 794 2032 non
809 1987 931 2046 omnes,
943 1965 1000 2031 sed
1012 1987 1091 2049 quas
1101 1965 1311 2048 distinguunt
1321 1984 1372 2028 ec·

417 2070 520 2134 clesiae
540 2079 572 2135 et
595 2091 804 2154 personarum
819 2069 961 2134 ecclesiae
974 2089 1087 2133 cauam
1101 2075 1252 2152 oportere
1266 2067 1371 2130 discu-

417 2181 495 2252 tere,
509 2179 541 2236 et
556 2175 654 2256 regiae
665 2172 898 2257 jurisdictionis
909 2173 1056 2236 examine
1066 2173 1242 2236 terminare
1247 2198 1258 2250 3
1272 2169 1371 2234 habet

419 2275 506 2340 enim
527 2275 659 2339 ecclesia
677 2274 825 2359 quaedam
847 2275 957 2340 divino
977 2282 1107 2339 tantum
1126 2275 1210 2360 jure,
1225 2274 1371 2358 quaedam

419 2384 457 2442 nt
471 2385 634 2442 testantur
647 2378 801 2443 humano.
846 2378 975 2442 Gradus
989 2379 1228 2457 ecclesiasticos,
1244 2377 1371 2442 ordines

420 2502 536 2562 sacros,
562 2489 595 2545 et
625 2480 800 2564 dignitates
829 2479 881 2544 his
909 2481 1107 2545 cohaerentes
1135 2487 1170 2544 et
1197 2486 1372 2564 potestates

420 2583 528 2648 divino
549 2591 679 2649 tantum
697 2584 770 2666 jure
789 2582 932 2646 sortitur.
978 2582 1077 2646 Unde
1098 2583 1126 2645 si
1145 2581 1300 2665 baptizat,
1315 2589 1373 2646 aut

420 2693 595 2765 consecrat,
612 2686 714 2763 solvit,
731 2693 787 2749 aut
802 2685 892 2767 ligat,
907 2684 1060 2768 praedicat
1076 2691 1109 2748 et
1123 2684 1287 2763 informat,
1302 2685 1371 2747 haec

420 2797 549 2853 tantum
572 2788 750 2873 spiritualia
772 2793 859 2866 sunt,
879 2787 996 2852 collatu
1017 2786 1155 2870 desuper
1178 2787 1219 2850 ab
1243 2785 1371 2850 homine

419 2891 454 2956 in
470 2893 645 2970 hominem,
658 2913 718 2956 nec
733 2891 873 2956 hominis
887 2890 983 2969 dono,
999 2891 1056 2954 sed
1070 2890 1179 2954 divino
1193 2891 1284 2954 intus
1298 2911 1373 2974 cpe

419 3003 512 3060 rante
533 2994 646 3079 spiritu
666 3001 852 3078 propagata,
867 2993 956 3058 hunc
971 2993 1033 3057 sibi
1046 3014 1143 3057 nemo
1157 2993 1258 3057 sumit
1272 2994 1372 3056 hono-

420 3117 500 3174 rem,
516 3097 572 3160 sed
587 3097 643 3182 qui
659 3104 791 3161 vocatur
806 3118 826 3159 a
840 3097 912 3160 Deo
925 3101 1084 3179 tanquam
1098 3096 1228 3174 Aaron,
1244 3095 1372 3160 affecta·

420 3205 538 3262 verunt
556 3199 625 3262 hoec
641 3199 756 3277 Chore,
772 3199 906 3263 Dathan
924 3206 959 3263 et
973 3199 1098 3262 Abiron
1114 3221 1134 3262 a
1148 3199 1292 3263 Domino
1306 3219 1372 3261 non

420 3301 524 3366 vocati
540 3309 572 3366 et
587 3301 734 3366 inaudita
753 3309 858 3366 morte
877 3302 1054 3386 perierunt.
1099 3302 1324 3365 Immiscentes
1338 3321 1372 3363 se

422 3405 581 3470 sacrificiis
611 3405 785 3470 Jcroboam
815 3413 848 3471 ct
878 3405 983 3483 Ozias,
1017 3406 1099 3469 alter
1127 3425 1243 3468 manus
1278 3402 1373 3467 aridi·

421 3517 488 3572 tate
519 3507 600 3571 alter
628 3509 717 3591 lepra
746 3508 888 3591 percussi
917 3516 1005 3571 sunt.
1053 3509 1114 3571 Est
1140 3507 1241 3590 igitur
1263 3505 1300 3569 in
1322 3504 1374 3568 his

421 3609 570 3673 omnibns
589 3609 736 3673 sacerdos
756 3611 892 3693 quilibet
911 3619 950 3675 nt
969 3619 1072 3695 pater,
1089 3617 1128 3674 nt
1149 3618 1268 3694 pastor,
1286 3609 1374 3672 omni

421 3732 495 3794 rege
515 3711 667 3794 superior,
683 3733 738 3775 rex
759 3719 798 3776 ut
817 3712 913 3791 filius,
928 3721 967 3777 ut
982 3713 1167 3797 discipulus,
1183 3713 1280 3794 longe
1293 3711 1375 3774 inse·

420 3814 486 3877 rior
508 3814 694 3878 aestimatur.
741 3816 777 3878 Si
798 3817 909 3900 itaque
930 3837 986 3880 rex
1008 3816 1178 3901 delinquat
1198 3815 1235 3877 in
1257 3815 1373 3892 Deum

421 3915 578 3979 imitando
592 3915 809 3982 Theodosium
824 3918 988 3983 conciliari
1008 3918 1137 3982 studeat
1157 3937 1255 4001 opera
1273 3937 1374 3980 sacer·

422 4019 545 4084 dotum.
601 4019 637 4082 Si
666 4021 846 4086 sacerdotes
875 4043 910 4085 se
940 4029 1093 4086 accusent
1116 4022 1283 4098 alterutro,
1309 4017 1378 4082 haec

422 4145 480 4187 suo
500 4143 556 4186 rex
575 4144 642 4187 non
657 4131 789 4206 uuupet
804 4125 936 4209 judicio,
952 4124 1009 4190 sed
1027 4145 1070 4188 ne
1089 4131 1220 4209 patrum
1238 4120 1378 4186 verenda

422 4225 605 4310 conspiciet,
618 4225 769 4290 incedens
780 4237 957 4292 retrorsum
967 4249 1098 4292 causam
1108 4226 1295 4311 hujusmodi
1309 4223 1376 4308 psl·

421 4328 465 4394 lio
485 4328 589 4393 landis
607 4329 738 4412 operiat.
786 4330 871 4395 Sunt
891 4338 924 4394 et
943 4331 1085 4396 ecclesiae
1099 4328 1277 4424 corporalia
1291 4313 1377 4411 qua·
