3225 5192
246 667 530 749 renel-89]
583 626 1027 730 nounoureusrsnrrsronm.
1135 668 1197 730 335

298 1019 520 1085 EPIS'POLA
543 1017 766 1084 buxu-ln
783 1040 968 1084 nonnarum
985 1041 1148 1084 anennu-

567 1143 709 1186 scouuu
727 1143 884 1187 nsssxrn.

250 1273 410 1338 Gilbertm
438 1275 500 1337 Dei
525 1275 633 1357 gratio
658 1273 883 1338 Londooiemir
908 1276 1067 1357 episcopus
1092 1277 1202 1340 dilecto

290 1397 345 1441 suo
364 1377 498 1441 lieberto
517 1377 736 1440 archidiacono
757 1378 1057 1456 &maternitatem
1078 1384 1110 1442 et
1127 1400 1202 1461 yro-

292 1482 379 1556 tum,
395 1487 425 1544 et
440 1479 686 1544 benedictionem.

292 1632 484 1710 Arrnunss,
508 1652 624 1715 quaeso,
648 1630 821 1709 carissime,
845 1633 881 1695 in
905 1653 1002 1715 quam
1025 1632 1204 1716 longinqua

172 1727 176 1737 ¹
246 1734 441 1818 migraveris,
458 1741 617 1819 quantum
632 1735 730 1798 etiam
747 1735 893 1800 laborem
909 1741 1132 1819 quantumque
1146 1729 1203 1800 'tae-

249 1839 339 1903 dium
360 1839 426 1903 solo
446 1839 612 1902 literarum
633 1860 742 1904 amore
763 1839 910 1918 subieris,
936 1849 970 1904 et
993 1841 1049 1904 des
1073 1862 1203 1925 operam

249 1943 395 2020 sollicite,
418 1949 456 2005 ut
480 1941 597 2006 laboris
619 1943 705 2006 tanti
727 1942 907 2026 condignos
929 1944 1055 2008 fructus
1079 1943 1120 2008 ad
1144 1966 1204 2008 nos

249 2043 442 2129 quandoque
458 2044 562 2108 valeas
578 2051 770 2128 cooperante
786 2045 891 2128 gratia
904 2053 1079 2129 reportare.
1125 2047 1203 2112 Non

250 2148 383 2212 effluant
417 2146 478 2212 tibi
513 2147 581 2212 dies
616 2148 695 2212 dum
725 2155 827 2231 potes,
862 2154 895 2213 et
929 2155 1008 2214 retas
1043 2149 1204 2233 permittit

249 2249 374 2328 idonea,
393 2249 480 2314 disce
503 2250 589 2334 quod
611 2251 817 2334 postmodum
839 2251 1017 2331 deessset
1038 2252 1073 2316 in
1095 2253 1204 2317 sinum

249 2354 369 2418 mentis
391 2353 515 2435 collige,
532 2353 617 2436 quod
640 2353 790 2436 exigente
812 2355 1003 2418 necessitate
1025 2376 1084 2418 suo
1106 2377 1204 2441 queas

249 2461 395 2538 tempore
420 2453 565 2538 pluribus
592 2475 732 2537 erogare.
777 2455 871 2518 Nihil
900 2465 950 2520 est
978 2457 1065 2539 quod
1090 2458 1205 2522 idonee

249 2568 341 2623 tuam
357 2557 456 2641 possit
471 2557 663 2621 industriam
680 2579 841 2636 excusare,
856 2579 972 2642 corpus
986 2559 1047 2623 tibi
1061 2560 1204 2626 donante

250 2661 392 2726 Domino
407 2680 523 2724 sanum
538 2667 587 2724 est
602 2667 635 2724 et
650 2659 821 2738 incolume,
834 2667 912 2724 setas
926 2660 1052 2740 habilis,
1066 2663 1204 2728 facultas

252 2769 435 2848 suppetens,
466 2762 556 2826 locus
585 2761 755 2826 abundans
784 2763 944 2828 mercibus
968 2769 1047 2848 quas
1076 2767 1203 2849 optasti,

252 2869 479 2951 magistrorum
494 2866 595 2950 copia,
612 2866 769 2932 sociorum
786 2873 880 2950 grata
892 2867 1083 2950 frequentia.
1109 2869 1205 2934 Adsit

252 2991 342 3036 arnor
364 2969 463 3035 studii
487 2979 520 3035 et
544 2970 662 3034 mentis
684 2970 856 3054 applicatio
877 2970 1067 3051 voluntaria,
1091 2972 1131 3036 de
1153 2973 1205 3037 die

252 3074 372 3159 poteris
395 3073 431 3138 in
457 3073 543 3138 diem
569 3075 732 3158 prolicere,
756 3081 789 3138 et
812 3074 910 3158 louge
938 3075 1043 3159 teipso
1071 3076 1206 3141 effeetus

252 3177 388 3257 melior„
404 3177 471 3242 tuis
496 3176 729 3261 jocundissime
758 3176 922 3242 laboribus
950 3179 1100 3244 arridere.
1144 3182 1205 3245 At.

252 3280 351 3346 tende
371 3279 449 3363 quid
468 3279 510 3342 sit
529 3301 652 3344 moram
671 3280 782 3344 fecisse
802 3281 969 3360 Bononia,
985 3290 1018 3345 et
1037 3303 1075 3346 ea
1089 3283 1207 3366 quibus

249 3385 319 3470 jam
342 3382 428 3447 dicta
449 3381 559 3446 duitas
581 3381 717 3464 insignis
741 3383 856 3448 effecta
877 3391 936 3461 est,
957 3384 1096 3467 turpiter
1114 3384 1205 3466 igno-

253 3485 349 3554 rerer
395 3482 476 3550 Haec
505 3485 606 3550 altera
631 3485 699 3568 jam
730 3485 862 3550 Carilrat
891 3487 1016 3570 sepher,
1042 3487 1128 3571 quod
1156 3497 1207 3552 est

255 3591 366 3653 ctoitcs
380 3589 552 3666 literarum,
570 3587 667 3671 digne
682 3589 800 3654 meruit
816 3589 978 3672 appellari,
995 3596 1067 3674 quae
1088 3593 1208 3656 summi

255 3693 434 3760 subtilitate
449 3691 573 3776 ingenii
592 3690 742 3758 hebetem
764 3699 814 3757 tot
829 3691 1032 3776 temporibus
1046 3694 1206 3758 mundum

254 3796 390 3873 exacuit,
405 3795 515 3879 legum
530 3795 697 3859 thesauros
712 3796 848 3878 aperuit,
864 3801 898 3860 et
913 3795 1024 3861 abdita
1041 3797 1207 3881 sapientise

255 3898 374 3962 summi
395 3897 527 3962 tandem
549 3897 658 3980 vigore
680 3897 778 3962 studii
799 3897 836 3961 in
857 3897 962 3962 lucem
984 3901 1207 3982 potentissime

255 4000 420 4084 protraxit.
467 3999 555 4064 Hinc
577 4007 611 4064 te
632 3999 809 4080 literarum,
833 4002 918 4088 quod
941 4001 1036 4080 absit,
1057 4004 1206 4084 inscium,
1242 4019 1250 4032 ·

256 4123 369 4168 sensus
383 4103 514 4187 inopem
528 4103 655 4182 reverti,
672 4103 842 4181 carissime,
857 4104 1012 4188 deprecor
1025 4104 1205 4185 embescas,

255 4205 408 4290 nequod
431 4205 556 4270 cunctis
580 4205 648 4270 fere
674 4207 767 4271 cessit
793 4207 835 4272 ad
860 4208 1006 4291 gloriam,
1031 4207 1067 4270 in
1092 4229 1207 4292 oppro-

256 4307 363 4373 brium
378 4308 439 4374 tibi
454 4308 547 4373 cedat
562 4314 594 4373 et
609 4309 831 4393 ignominiam.
877 4310 1050 4376 Ricardum
1071 4310 1206 4374 archidi-
