3225 5192
245 762 315 807 sn.
332 739 531 824 lise-448]
580 757 794 806 onocrsnnrn
810 760 991 809 1111111ιι
1156 743 1198 806 41

244 878 300 952 oni
313 886 428 944 vestrm
441 878 656 944 notificamus.
683 879 735 946 De
749 885 839 951 statu
847 871 1085 963 Wigomiensis
1099 877 1199 944 sock-
1246 929 1252 940 .

246 983 301 1046 siae
321 1001 377 1047 vos
402 977 464 1046 hoc
489 981 550 1066 ipsi
573 981 769 1062 decrevistis,
787 987 828 1046 ut
850 981 891 1046 ob
915 979 1224 1076 redintegrandam
1343 1040 1364 1056 ,,

245 1091 314 1148 tam
340 1084 482 1169 episcopi
506 1105 604 1168 quam
629 1084 772 1150 11111111
799 1101 867 1148 sum
895 1083 1088 1168 dignttatem
1113 1083 1222 1167 prior·

210 1233 212 1240 ι
246 1187 314 1271 ipse
329 1187 385 1271 qui
398 1187 505 1254 fuerat
520 1186 560 1252 ad
576 1194 704 1271 tempus
718 1187 945 1252 restitueretur
964 1194 998 1252 st
1015 1187 1102 1265 insta
1117 1180 1245 1286 praefi·
1290 1231 1295 1242 .

248 1289 402 1374 scriptum
426 1289 513 1354 diem
536 1289 713 1354 suinututo
738 1289 840 1354 altero
859 1290 1003 1356 ecclesias
1020 1287 1230 1374 ipsiusne-⁸

151 1423 154 1430 ·
248 1391 435 1458 cessitudiui
470 1392 702 1458 consuleretur.
763 1392 940 1476 Qumqns
976 1413 998 1456 a
1033 1391 1122 1456 vobis
1159 1389 1202 1456 ud

249 1493 413 1563 ecclesiam
435 1512 529 1558 nam
550 1493 700 1563 dominus
722 1493 891 1578 episcopus
906 1499 1020 1560 restite
1036 1495 1203 1580 pariturum

248 1597 406 1662 voluntati
426 1604 595 1676 remearet,
611 1595 742 1680 quidam
762 1618 780 1662 1
800 1596 956 1664 fratribus
974 1597 1116 1663 ecclesiae
1135 1619 1203 1661 suae
1286 1669 1293 1676 ‚
1354 1611 1380 1660 ··,
1395 1599 1413 1620 ““

174 1743 177 1749 -
249 1708 361 1764 restrae
376 1700 623 1786 dispensationis
637 1699 753 1784 ignari,
768 1700 1008 1765 restitutionem
1022 1698 1136 1784 prioris
1150 1700 1202 1765 sui
1339 1698 1344 1706 '

249 1803 381 1868 moleste
395 1803 566 1886 plusquam
581 1802 724 1888 oportuit
744 1802 941 1867 sustinentes
959 1823 1012 1868 res
1031 1801 1131 1886 ipsius
1150 1822 1224 1871 ec-.

249 1905 352 1972 alens
374 1905 496 1984 statim,
516 1911 557 1970 ut
581 1905 669 1968 fama
692 1911 751 1983 est,
776 1903 954 1970 (1111111111
977 1912 1145 1990 coepsrnnt
1167 1913 1201 1970 et
1254 1887 1260 1897 ⁸
1310 1894 1314 1903 ’

249 2010 342 2087 male,
357 2015 396 2072 ut
417 2008 535 2074 clamat
554 2009 704 2094 populus,
721 2008 863 2092 impletis
883 2009 1055 2098 marsupiis
1076 2008 1200 2074 abscss·

250 2119 370 2177 serunt.
416 2109 514 2178 Quod
533 2113 629 2198 quale
648 2111 701 2188 sit,
720 2113 798 2176 satis
816 2112 878 2196 ipsi
897 2110 1090 2176 indicabitis.
1137 2113 1202 2178 Res
1305 2190 1309 2200 Ι
1340 2156 1348 2169 .

250 2236 322 2291 vero
343 2207 486 2280 11111111
506 2213 568 2278 ribi
590 2214 776 2280 commissas
796 2213 912 2279 infami
932 2215 1116 2280 venditione
1138 2215 1202 2281 dis·
1241 2217 1247 2226 '

249 2318 376 2382 trahere
398 2317 520 2381 malum
541 2315 767 2396 tirit3alacie
796 2319 896 2402 patris
920 2317 956 2382 in
980 2319 1072 2385 nullo
1096 2337 1202 2404 perse
1315 2307 1323 2322 '

251 2421 390 2505 quentis,
411 2420 466 2485 sed
488 2421 657 2486 consilium
680 2441 701 2484 a
721 2420 812 2486 vobis
832 2421 913 2486 utile
934 2421 1137 2506 reportantis,
1152 2422 1202 2485 fu-

252 2546 325 2608 gam
344 2525 549 2608 repentinam
565 2525 704 2608 arripere
717 2525 822 2590 multu
836 2525 937 2612 pejus.
982 2525 1080 2591 Quod
1093 2545 1204 2590 veroa

251 2627 338 2692 robis
369 2627 535 2700 decretum
558 2626 673 2706 suerat,
697 2647 757 2696 nec
786 2643 853 2691 una
882 2625 1010 2710 dignari
1038 2625 1204 2692 auditione

252 2731 356 2794 multo
374 2730 559 2814 pessimum.
605 2729 702 2796 Quod
720 2752 795 2795 vero
815 2737 925 2815 captos
947 2749 982 2795 ss
1001 2751 1203 2815 conquerun-

199 2828 205 2837 ’
251 2839 307 2898 tur
324 2840 359 2897 et
377 2833 456 2898 dum
475 2832 515 2897 ad
533 2855 590 2900 111
608 2854 666 2918 pro
681 2833 1204 2898 ecclesiassuaeutilituteiestina·

252 2943 335 3016 rent,
355 2937 441 3000 male
461 2937 498 3001 in
516 2936 632 3004 itinere
652 2936 810 3016 detentos,
825 2958 938 3002 omnes
955 2937 1025 3004 fare
1041 2940 1205 3002 testantm

254 3039 340 3122 apud
364 3061 424 3104 nos
447 3038 616 3104 dominum
639 3039 823 3125 episcopum
847 3040 909 3105 hoc
931 3048 965 3105 et
988 3059 1088 3124 quum
1112 3039 1205 3104 fieret
1303 3028 1306 3038 ’

253 3143 417 3226 ignorasse
444 3150 480 3206 et
509 3143 630 3208 iactum
659 3143 758 3208 etiam
786 3163 887 3228 quum
914 3142 1043 3209 rescivit
1070 3149 1207 3228 paterna
1246 3216 1252 3229 ,

254 3246 388 3310 caritate
407 3253 628 3328 pertractasse.
671 3245 877 3324 Credendum
891 3247 990 3312 edam
1002 3246 1075 3330 plus
1090 3247 1206 3312 estium

254 3348 402 3432 episcopo
411 3348 471 3412 uni
485 3355 518 3412 et
531 3348 660 3414 veritati
674 3370 771 3432 quam
785 3349 877 3413 iratae
890 3349 1205 3417 monachorumtur·

254 3451 304 3516 bae
318 3457 351 3515 et
366 3451 557 3516 contumaci.
603 3451 669 3517 Qui
684 3453 745 3516 etsi
759 3452 887 3517 eosdem
902 3452 943 3518 ab
957 3452 1142 3518 inordinato
1154 3473 1216 3518 rs-

255 3561 397 3618 vocasset
410 3554 460 3620 111
475 3553 666 3620 detinuisset
679 3555 806 3634 itinere,
820 3556 858 3618 in
871 3555 933 3620 hoc
945 3555 1101 3639 sulpurei
1114 3556 1207 3620 nulla

255 3658 304 3721 111
317 3656 502 3742 permodica
515 3658 684 3726 extitisset.
722 3641 775 3723 De
788 3659 850 3724 hoc
862 3665 975 3724 tamen
989 3665 1135 3724 evocatos
1149 3681 1207 3722 au-

256 3759 361 3825 diatis.
404 3761 455 3824 De
469 3768 585 3826 caetero
599 3762 719 3826 scimus
731 3761 900 3827 dominum
918 3762 1102 3847 episcopum
1122 3763 1207 3847 prio·

256 3884 325 3928 rem
348 3883 444 3928 snum
466 3887 486 3930 a
505 3865 650 3949 prioratu
674 3865 838 3945 amovisse,
860 3864 918 3930 sed
940 3864 983 3930 ob
1005 3866 1209 3930 murman·

256 3967 339 4034 tium
373 3965 513 4033 fratrum
548 3967 809 4053 inquietudinem
840 3967 987 4034 nondum
1023 3986 1208 4052 quenquam

258 4069 471 4136 substituisse.
516 4070 614 4139 Quod
631 4069 705 4136 ideo
724 4071 877 4138 divinitus
899 4079 1010 4164 aptum
1029 4071 1155 4148 estimo
1168 4077 1209 4136 ut

257 4193 311 4240 vos
326 4191 509 4258 supremam
526 4175 616 4260 operi
633 4175 721 4240 bono
737 4193 873 4240 manum
886 4174 1071 4259 imponatis,
1084 4181 1119 4237 et
1132 4173 1210 4237 dlioe

188 4297 205 4315 ·
259 4286 371 4346 vestrae
384 4279 538 4344 idoneum
555 4279 751 4364 providendo
768 4288 931 4364 pastorem
950 4278 992 4343 ad
1008 4279 1209 4350 voluntatem

259 4389 397 4470 sutram
410 4389 443 4452 st
457 4383 528 4470 ejus
541 4381 716 4450 utilitatem
730 4383 914 4475 oonsmatis.
958 4381 1086 4448 Vestris
1104 4379 1211 4444 moni·
