3225 5192
382 670 447 735 200
694 682 1027 731 ornnnnrramscors

233 800 267 862 ·.
319 870 328 883 ,
384 767 513 887 ennae,
527 798 567 873 a·
584 806 620 869 u
640 804 744 889 ipim
758 802 916 889 primatus
931 803 1125 888 dignitatem
1145 810 1179 869 et
1201 804 1338 888 gronam

384 909 446 973 hoc
464 908 534 998 ipso
553 906 652 993 digne
671 908 899 1003 promeruisse,
938 908 1048 975 Quem
1067 908 1200 993 quidem
1219 908 1340 992 prims·

384 1022 438 1077 tus
460 1008 616 1081 honorem
638 1012 749 1079 multis
768 1011 1041 1101 pmdaeessorum
1060 1019 1239 1079 vestrorum
1254 1020 1340 1077 tem·
1450 1069 1456 1077 .

385 1114 517 1203 poribus
532 1112 666 1185 ecclesis
679 1112 922 1183 conoturiensis
942 1114 1094 1195 obtinuit,
1110 1116 1144 1183 et
1163 1115 1200 1184 iu
1217 1114 1339 1180 Ebora·

386 1232 516 1284 oensem
536 1217 702 1283 ecclesiam
721 1216 825 1281 modis
846 1216 994 1301 pluribus
1012 1218 1170 1302 factisque
1186 1217 1341 1281 memoria

308 1327 316 1344 ‘
385 1320 494 1406 dignis
513 1322 665 1389 exoecuit.
708 1320 811 1385 Unde
829 1320 1021 1388 sublimitati
1039 1328 1154 1387 cestrae
1170 1320 1340 1385 Cantnari·

251 1445 259 1484 .·
388 1426 474 1491 enni
490 1425 633 1493 ecclesiae
652 1430 723 1489 bota
742 1424 900 1508 supplicat
920 1425 1099 1508 plenitudo,
1113 1444 1157 1489 ne
1171 1424 1271 1488 lilium
1285 1424 1340 1487 ad·

285 1584 294 1604 ,
389 1548 498 1593 versus
512 1534 651 1593 matrem
666 1545 759 1591 suam
773 1526 880 1591 levare
893 1527 1092 1607 calcaneum,
1107 1534 1142 1591 et
1155 1526 1192 1591 in
1202 1526 1273 1610 ejus
1285 1546 1341 1609 pa·

390 1633 522 1697 ritatem
543 1630 713 1697 efficaciter
732 1630 873 1714 aspirare
893 1632 1099 1715 permittatis,
1114 1651 1196 1697 neve
1214 1630 1343 1713 insigne

390 1734 557 1819 gestandae
577 1734 691 1814 erucis,
714 1735 801 1819 quod
822 1735 883 1800 soli
904 1735 1132 1801 cantuariensi
1155 1755 1343 1799 eoncessum

391 1860 461 1903 esse
486 1843 625 1905 testatur
647 1836 834 1921 antiquitas,
857 1840 895 1903 in
917 1838 1116 1917 scandalum,
1138 1838 1226 1922 quod
1250 1834 1344 1916 absit,

301 1991 306 2001 .
392 1941 533 2007 eoolesiae
555 1941 739 2024 Anglorum
762 1950 796 2007 et
819 1948 985 2026 stuporem
1007 1942 1111 2024 regni,
1132 1941 1344 2008 Eboracensis

392 2044 446 2109 ille
464 2042 500 2107 in
520 2031 626 2107 a'llena
643 2042 778 2111 ulterius
798 2044 962 2127 provincia
978 2045 1193 2124 circumierat,
1207 2045 1345 2109 anctori-

392 2154 461 2215 tate
483 2145 663 2229 apostolica
688 2146 890 2231 provideatis.
936 2148 973 2211 Si
995 2149 1084 2212 enim
1108 2148 1346 2214 benemeritos

394 2248 558 2315 beneficiis
580 2249 733 2333 ampliare
753 2250 890 2335 dignum
905 2260 965 2331 est,
981 2252 1208 2317 cantuariensi
1221 2254 1346 2337 procul·

394 2351 494 2417 dubio
508 2352 649 2417 ecclesias
663 2374 731 2417 non
745 2353 851 2417 solnm
865 2355 1000 2439 antiqua
1014 2356 1164 2421 convenit
1182 2356 1348 2439 privilegia

394 2476 591 2535 conservare,
607 2476 718 2521 verum
736 2457 836 2521 etiam
850 2458 942 2523 novis
954 2480 1028 2527 eam
1042 2480 1169 2543 semper
1182 2460 1347 2543 dignitati-

395 2560 457 2625 bus
471 2558 627 2642 insignire
642 2579 842 2644 consequens
856 2570 915 2642 est,
927 2583 1000 2647 quae
1014 2562 1169 2627 nimirum
1183 2562 1253 2627 sedi
1266 2584 1347 2627 sem-

396 2684 453 2749 per
468 2662 649 2747 apostolicae
668 2682 703 2727 se
721 2665 757 2729 in
772 2664 891 2749 quibus
905 2666 1012 2749 potuit
1026 2665 1199 2731 obnoxiam
1212 2667 1349 2731 devotis·

398 2766 478 2833 sime
492 2767 690 2850 recognovit.

590 3070 813 3137 EPISTOLA
834 3072 994 3139 cu-m
1009 3093 1166 3139 nouosu.

400 3222 495 3285 Patri
509 3241 564 3285 soso
579 3227 609 3284 et
625 3222 746 3285 domino
760 3242 878 3286 summo
886 3222 1032 3307 pontifici
1045 3226 1085 3288 Α.
1094 3224 1204 3307 sroter
1217 3226 1256 3291 G.
1271 3226 1352 3289 Loa-

444 3324 599 3388 doaicacs'c
613 3326 747 3389 coclerio
760 3327 911 3406 minister,
923 3328 1064 3394 devotam
1077 3336 1108 3393 et
1123 3330 1258 3395 debitam
1272 3332 1353 3395 cori-

445 3428 521 3491 tots's
535 3433 566 3491 et
581 3426 758 3505 obedientie
763 3427 966 3511 famulatum.

447 3579 649 3643 Insouornu
669 3578 763 3644 nobis
782 3580 823 3645 de
842 3581 1024 3665 colligendo
1040 3603 1140 3649 censu
1158 3583 1247 3649 beati
1266 3586 1356 3651 Petri

403 3678 653 3748 sollicitudinem
667 3688 789 3764 quanta
805 3704 977 3766 possumus
991 3686 1205 3751 acceleramus
1219 3688 1355 3771 diligen·

402 3782 459 3865 tia,
476 3803 573 3867 quem
594 3782 669 3849 licet
691 3785 839 3851 nondum
860 3787 955 3872 plene
976 3788 1148 3854 collectum
1168 3790 1355 3871 habeamus,

404 3908 469 3969 qua
486 3893 599 3951 tamen
618 3887 670 3951 via
688 3888 861 3955 collectum
879 3892 1087 3959 transvehere
1109 3916 1212 3979 quave
1230 3895 1357 3960 cantela

405 3990 529 4054 salvum
543 3992 764 4057 transmittere
779 3993 950 4075 veleamus,
963 3996 1058 4081 juxta
1075 3998 1172 4063 anxia
1188 3997 1357 4063 nobiscnm

405 4092 627 4177 disquisitione
641 4094 883 4179 investigamus.
907 4098 949 4162 In
964 4121 1037 4182 quo,
1049 4102 1126 4185 qnia
1138 4109 1252 4167 nostra
1264 4101 1358 4166 nobis

405 4218 473 4261 non
502 4197 595 4279 plene
625 4206 818 4263 succurrunt
844 4202 987 4281 consilia,
1011 4210 1150 4271 vestram
1175 4226 1273 4289 super
1296 4204 1357 4270 hoc

406 4298 638 4365 sublimitatem
675 4300 825 4366 duximus
861 4306 1101 4373 consulendam.
1162 4309 1242 4375 Non
1270 4308 1358 4375 enim
