3225 5192
280 674 561 757 muller-89]
612 694 1054 737 aouooumusrsrrrsroaa.
1166 677 1230 739 223

277 813 402 889 timum,
432 830 471 875 eo
500 808 586 892 quod
616 808 802 892 priusquam
833 828 941 873 comes
969 809 1059 873 illcm
1088 810 1232 875 duxisset

277 934 420 990 uxorem,
444 912 545 977 frater
567 912 668 994 ipsius
693 911 830 989 comitis,
855 911 1020 978 Galiridus
1045 912 1166 977 seilicet
1190 912 1232 977 de

278 1017 354 1095 Ver,
373 1037 469 1099 super
489 1037 527 1079 ea
547 1014 583 1079 in
602 1034 735 1077 uxorem
755 1014 905 1079 ducenda
923 1035 1000 1081 cum
1018 1024 1110 1099 petre
1130 1016 1231 1099 ipsius

278 1119 448 1185 comitissae
477 1118 541 1181 lide
569 1117 761 1200 interposita
793 1116 975 1200 pepigisset.
1034 1119 1233 1187 Asserebaut

278 1223 377 1289 etiam
406 1228 541 1285 eatenus
566 1219 755 1303 processisse
784 1220 962 1303 negotium,
992 1228 1031 1285 ut
1059 1232 1151 1303 pater
1180 1244 1232 1287 co·

278 1326 410 1391 mitissae
431 1324 535 1406 ipsam
553 1340 628 1387 cnm
649 1322 750 1389 trium
770 1323 839 1405 jam
857 1329 942 1389 esset
962 1345 1131 1403 annorum,
1152 1346 1232 1408 prae-

279 1428 368 1493 dicto
387 1425 554 1504 Gaul'rido,
578 1432 691 1509 utpote
716 1426 862 1491 futuram
882 1448 974 1491 suam
997 1428 1177 1506 tradiderit,
1199 1436 1233 1498 et

282 1528 455 1595 Gauii-idus
469 1550 542 1597 eam
561 1529 653 1595 fratri
672 1550 729 1593 suo
747 1529 860 1593 comiti
873 1529 1025 1595 Alberico
1043 1530 1105 1593 sibi
1126 1538 1233 1598 custo·

282 1634 433 1701 diendam
462 1632 669 1708 commiserit,
699 1638 733 1696 et
763 1653 839 1695 cum
861 1633 930 1717 jam
959 1654 1014 1697 sex
1044 1634 1234 1717 complesset

283 1758 395 1815 annos,
410 1742 591 1819 susceptam
616 1735 656 1799 de
678 1756 779 1799 manu
800 1735 935 1813 comitis,
953 1736 989 1801 in
1007 1736 1140 1801 domum
1161 1758 1233 1821 pro-

282 1841 385 1924 priam
415 1839 552 1917 duxerit,
584 1838 710 1925 sibique
735 1838 975 1903 venerationem
1003 1861 1134 1904 omnem
1161 1848 1234 1908 tan·

283 1963 380 2025 quam
398 1942 518 2007 futurae
536 1944 630 2009 uxori
648 1964 726 2020 suae,
742 1949 810 2007 tem
831 1964 937 2022 perse
957 1964 1053 2026 quam
1075 1964 1132 2027 per
1149 1966 1233 2024 suos,

282 2044 317 2110 in
342 2045 503 2123 omnibus,
529 2053 662 2129 excepta
691 2045 777 2109 thori
806 2046 1044 2124 commuuione,
1070 2047 1235 2130 usquead

283 2169 406 2211 annum
421 2147 648 2213 duodecimum
667 2148 736 2231 jem
751 2147 818 2215 fere
832 2148 1029 2230 completum
1043 2148 1234 2215 exhibuerit.

284 2251 346 2315 His
374 2250 475 2334 igitur
504 2250 590 2317 inter
618 2256 744 2332 patrem
779 2250 949 2315 comitisse
978 2257 1011 2314 et
1041 2251 1235 2317 Gaufiidum

281 2354 412 2418 fratrem
435 2353 571 2431 comitis,
592 2354 782 2437 interposite
801 2353 865 2419 fide
884 2354 1030 2432 firmatis,
1049 2355 1237 2421 asserebant

284 2456 433 2521 Gaufridi
462 2462 495 2521 et
524 2456 696 2521 comitisse
725 2456 854 2521 firmata
879 2455 977 2521 fuisse
1007 2458 1176 2540 sponsalia,
1202 2466 1235 2522 et

283 2580 353 2643 quse
376 2558 484 2623 fratris
514 2579 631 2642 sponsa
653 2558 768 2635 fueret,
793 2557 888 2623 alteri
916 2558 1123 2641 postmodum
1143 2560 1237 2626 fratri

283 2662 426 2746 legitime
437 2684 504 2725 non
515 2661 670 2745 nupsisse.
705 2661 1024 2744 Adjioiebantetiem
1034 2670 1236 2727 contractum

283 2766 370 2831 hunc
390 2766 459 2848 ipso
479 2764 648 2829 comitisse
669 2785 829 2828 consensu
849 2764 948 2829 fuisse
969 2765 1144 2844 firmatum,
1161 2787 1237 2830 cum

283 2869 324 2933 ad
338 2876 466 2935 aetatcm
486 2868 554 2952 jam
577 2868 697 2931 dictam
717 2868 907 2951 pervenerit,
922 2875 956 2933 et
976 2875 1046 2933 toto
1060 2869 1121 2933 hoc
1136 2890 1236 2934 anno-

282 2994 354 3036 rum
370 2972 528 3036 cuniculo
551 2992 719 3054 nunquam
738 2970 789 3035 his
809 2992 882 3054 quae
904 2971 1084 3055 agebantur
1098 2972 1148 3037 vel
1169 2996 1237 3037 mo·

284 3081 394 3138 mento
414 3087 525 3138 contm
549 3073 674 3137 dixerit.
720 3072 892 3137 Comitissa
909 3094 992 3152 vero,
1013 3096 1085 3157 quae
1103 3096 1124 3138 a
1146 3082 1238 3158 patre

283 3199 341 3241 suo
367 3184 458 3259 gesta
482 3182 568 3256 sunt,
590 3198 665 3240 cum
690 3176 790 3239 trium
810 3183 940 3241 tentum
962 3183 1045 3240 esset
1068 3199 1236 3257 annorum,

283 3287 379 3345 aetate
407 3279 554 3344 nondum
584 3277 777 3344 admittente
807 3300 1010 3360 consensum,
1039 3302 1074 3345 se
1107 3282 1238 3364 penitus

284 3382 452 3466 ignorasse
467 3382 642 3466 respondit.
687 3381 731 3445 Et
746 3382 773 3445 si
787 3390 880 3466 pater
894 3404 972 3446 suus
991 3404 1066 3447 cum
1082 3384 1239 3449 Gauiridc

284 3485 455 3564 contraxit,
477 3492 515 3549 ut
537 3485 740 3563 dictumest,
763 3484 797 3547 id
821 3506 854 3548 se
878 3506 938 3550 nec
958 3492 1037 3549 tunc
1058 3486 1163 3565 scisse,
1178 3508 1239 3551 nec

284 3588 490 3672 postmodum
512 3587 714 3671 approbasse,
730 3608 790 3651 nec
810 3587 861 3650 his
882 3609 953 3671 quae
971 3588 1126 3653 intereos
1148 3598 1240 3672 gesta

285 3700 371 3772 sunt,
387 3714 553 3757 assensum
576 3674 732 3778 umquam
752 3690 924 3774 praebuisse
947 3699 1133 3756 constanter
1155 3715 1238 3757 asse·

284 3796 359 3859 ruit.
403 3795 501 3859 Unde
521 3816 595 3859 cum
617 3795 652 3857 in
670 3794 898 3858 contrahendis
912 3795 1112 3878 sponsalibus
1127 3817 1239 3860 eorum

285 3897 496 3981 requirendus
511 3898 552 3961 sit
567 3918 752 3975 consensus,
769 3896 810 3961 de
828 3918 964 3979 quorum
981 3898 1099 3963 fixturia
1117 3900 1239 3984 nuptiis

285 4002 401 4084 agitur,
417 4002 486 4084 ipsa
502 4000 650 4065 Gauiridi
665 4021 816 4083 sponsam
830 4021 864 4063 se
879 4021 1048 4083 nunquam
1061 4001 1161 4067 faisse
1182 4004 1239 4083 ait,

285 4126 356 4187 quae
370 4126 538 4187 nunquam
554 4103 594 4167 de
609 4103 771 4186 conjugali
786 4103 902 4187 copula
916 4125 990 4169 cum
1005 4126 1044 4169 eo
1059 4104 1237 4185 subeunda,

284 4228 303 4271 a
322 4208 487 4290 quoquam:
503 4206 657 4290 requisita
677 4214 735 4285 est,
751 4228 812 4271 nec
829 4207 863 4270 in
884 4207 945 4271 hcc
964 4229 1120 4291 umquam
1137 4208 1239 4271 animi

286 4310 450 4373 voluntate
466 4309 638 4374 consensit.
686 4310 721 4373 Si
737 4310 846 4393 itaque
861 4332 880 4373 a
895 4318 986 4393 patre
1006 4332 1065 4374 suo
1081 4310 1238 4375 Gaufrido
