3225 5192
395 659 462 724 810
717 675 1033 722 ornammarraoorr

397 794 492 876 tilius,
507 799 612 860 amtor
626 795 768 875 natione,
783 801 818 860 et
836 817 927 860 nuuc
944 795 1188 860 eonversatioue
1206 795 1355 880 parochi-

399 920 491 980 anua,
518 897 574 982 qui
603 919 676 963 eam
705 898 844 977 solenni,
868 905 907 963 ut
932 898 1056 978 assent,
1082 898 1292 964 matrimonio
1321 908 1356 964 et

398 1023 472 1068 oum
502 999 692 1068 moerdotali
724 1001 950 1066 benedictione
977 1003 1014 1067 in
1043 1023 1136 1068 suam
1165 1003 1289 1086 aooepit
1318 1009 1352 1067 et

398 1101 491 1168 duxit
512 1124 656 1182 uxorem,
678 1103 781 1187 ipsam
802 1103 1010 1188 postmodum
1033 1105 1155 1191 ubsque
1174 1105 1299 1190 judicio
1320 1113 1353 1170 et

398 1204 596 1271 conscientia
610 1205 762 1284 ecclesiae,
780 1226 839 1289 per
858 1211 966 1269 totum
981 1205 1052 1290 jam
1071 1207 1279 1290 septennium
1297 1206 1352 1271 de-

398 1315 528 1389 sertam,
543 1314 577 1374 et
597 1315 711 1373 contra
729 1307 827 1372 iidem
846 1308 933 1372 thori
952 1315 986 1372 et
1004 1309 1111 1392 legem
1132 1307 1268 1388 Christi,
1283 1316 1352 1374 tam

397 1411 520 1478 nefarie
546 1433 643 1496 quam
672 1411 893 1490 irreverenter,
915 1411 1019 1477 altera
1042 1411 1248 1496 superducta,
1269 1413 1352 1476 virili

398 1535 529 1600 prorsus
547 1513 737 1580 destitutam
757 1515 881 1594 solatio,
896 1514 1113 1600 dereliquerit.
1158 1515 1266 1600 Super
1279 1537 1353 1600 quo,

397 1627 436 1684 ut
464 1639 539 1684 vera
566 1617 655 1684 vobis
684 1617 832 1697 seribere,
856 1624 890 1683 et
917 1625 1008 1684 eerta
1036 1639 1147 1684 secure
1172 1619 1353 1703 siguifioare

397 1741 573 1806 possemus,
593 1742 651 1806 per
670 1719 942 1802 archidiaoonum,
956 1743 1016 1806 per
1035 1721 1235 1788 saosrdotem
1253 1722 1353 1806 ipsius

398 1823 584 1890 ministrum
603 1829 637 1890 et
657 1829 823 1889 auctorem
841 1824 1051 1903 matrimonii,
1065 1846 1123 1909 per
1135 1825 1235 1890 laicos
1254 1827 1354 1892 etiam

397 1927 612 2012 quamplures,
635 1947 747 2009 graves
768 1931 802 1990 at
824 1925 978 1990 honestos
998 1925 1093 2005 viros,
1116 1925 1180 1990 fide
1201 1925 1269 1991 veri
1290 1926 1354 1990 dis-

397 2030 493 2094 tricte
517 2035 551 2092 et
574 2028 747 2110 diligenter
769 2027 935 2112 inquisita,
955 2048 1068 2092 verum
1091 2048 1161 2092 esse
1183 2027 1353 2093 manifeste

398 2130 678 2214 deprehendimus,
703 2129 790 2213 quod
815 2129 910 2195 uobis
934 2137 1114 2196 memorata
1138 2131 1289 2196 Matildis
1312 2131 1352 2196 de

398 2232 572 2298 contractis
594 2253 670 2296 oum
692 2229 815 2296 Jaoobo
838 2233 972 2316 nuptiis,
995 2232 1069 2317 plns
1091 2232 1233 2297 lacrimis
1256 2255 1353 2317 quam

397 2335 502 2402 verbis
531 2355 752 2420 sepenumero
784 2342 997 2418 persuaserat.
1043 2335 1142 2400 Unde
1167 2337 1245 2419 quia
1271 2359 1352 2420 prae·

398 2438 504 2504 dietus
519 2439 552 2504 J.
568 2438 602 2502 iu
614 2437 841 2522 jurisdictione
854 2445 970 2518 restra,
985 2445 1020 2502 et
1034 2439 1070 2502 in
1084 2445 1200 2517 vestro,
1215 2447 1255 2504 ut
1276 2439 1352 2504 dici-

396 2549 461 2620 tur,
481 2541 643 2607 territorio
665 2541 750 2626 apud
771 2541 929 2624 Granni&
952 2550 1180 2621 commoratu,
1202 2541 1350 2608 fraterni·

396 2643 459 2710 tati
472 2651 586 2710 vestrae
600 2663 710 2728 prenae
725 2643 898 2708 affectuose
916 2643 1120 2727 porrigimus,
1135 2643 1352 2728 supplicantes

396 2752 430 2811 et
452 2747 656 2814 obsecrantes
676 2746 712 2811 in
733 2746 886 2824 Domino,
908 2746 1063 2830 quatinus
1084 2745 1178 2810 iilum
1199 2747 1242 2812 ob
1263 2768 1351 2812 reve·

395 2849 536 2914 rentiam
564 2849 637 2929 Dei,
662 2848 819 2916 canonica
844 2849 1014 2914 severitate
1039 2848 1228 2932 oorripiatis,
1252 2855 1288 2914 et
1312 2857 1352 2916 ut

396 2953 490 3017 uxori
503 2951 650 3017 debitum
663 2951 839 3036 provideat,
853 2959 887 3018 et
899 2957 1032 3035 praestet
1045 2951 1237 3031 subsidium,
1251 2953 1352 3018 eoele-

398 3053 532 3120 aiastiooe
561 3055 761 3120 districtione
786 3054 924 3139 justitie
955 3055 1166 3140 oompellatis,
1196 3062 1235 3120 ut
1272 3055 1352 3121 seint

399 3156 540 3220 eundem
568 3177 636 3221 esse
664 3163 733 3221 tam
762 3158 853 3223 vobis
882 3179 981 3241 quam
1009 3158 1103 3223 nobis
1132 3159 1238 3224 zelum
1271 3158 1352 3242 legis

400 3256 531 3338 Christi,
546 3264 580 3324 et
600 3259 719 3325 sentiat
739 3261 905 3344 utrimque
924 3261 1076 3326 adversus
1094 3262 1353 3346 praevaricatores

400 3360 469 3444 ejus
484 3381 551 3426 non
567 3361 675 3427 deesse
690 3362 821 3428 ultores.
852 3364 979 3428 Valeta.

439 3572 660 3639 EPISTOLA
683 3575 924 3642 com-un
941 3596 1120 3642 a1conauu
1137 3597 1306 3641 sinnam-

706 3697 818 3741 rnsnn
835 3697 1037 3742 romanorun.

404 3824 577 3888 Venerabili
599 3826 721 3891 doraim
735 3827 898 3911 fratrique
920 3829 1081 3894 οανίιιὶιιιο
1095 3829 1250 3893 ΝἰοΙιοὶαο
1267 3830 1350 3892 Ian·

440 3927 579 3994 drakms'
604 3931 755 4013 episeopo,
771 3930 882 4012 frater
909 3933 947 3995 G.
969 3933 1194 3996 Medorum
1218 3934 1351 3997 sockaiae

439 4033 589 4110 minister,
604 4033 780 4096 salutemet
795 4033 931 4097 debitum
936 4032 1092 4114 fratem
1107 4036 1253 4098 caritatis
1267 4035 1349 4098 obae-

441 4156 554 4217 quanm.

441 4287 524 4350 Essa
547 4307 599 4351 mo
622 4307 736 4352 sanum
759 4295 793 4351 et
815 4287 1011 4354 inoolumom
1032 4287 1169 4367 noveris,
1192 4295 1352 4372 tuumque
