3225 5192
406 683 472 746 314
713 699 875 744 ornnnarr
892 698 1045 742 nr1scor1

405 817 523 902 plicare
539 815 712 882 dilectioni.
759 817 883 880 Praeter
900 815 972 880 brec
990 821 1102 878 autem
1122 819 1156 878 et
1176 833 1274 897 snper
1291 811 1362 876 bac

404 920 510 984 multa
523 921 603 985 mibi
620 921 766 1005 suggerit
783 919 919 984 audacie
932 919 1046 984 orandi
1061 925 1096 982 et
1110 916 1266 982 exorandi
1279 915 1360 980 fidu-

404 1023 498 1100 ciam,
528 1021 679 1087 dominus
696 1024 735 1086 R.
753 1023 793 1087 de
808 1022 943 1101 Almari,
959 1021 1016 1105 qui
1034 1020 1070 1084 in
1088 1020 1150 1084 hoc
1169 1021 1241 1103 ipso
1257 1025 1297 1083 ut
1315 1019 1361 1082 di-

402 1125 490 1192 citur
504 1125 645 1208 negotio,
660 1147 736 1190 suns
751 1125 792 1190 ed
806 1147 862 1189 vos
876 1131 985 1208 partes
1000 1123 1154 1189 audacter
1170 1122 1360 1206 interponit,

282 1296 292 1312 ‚
402 1235 438 1293 et
457 1247 547 1292 more
567 1229 737 1294 curialium
757 1229 929 1312 imperiose
947 1234 1066 1292 cuncta
1084 1225 1238 1310 disponit.
1282 1225 1361 1290 Non

293 1384 299 1396 .
405 1331 493 1396 enim
507 1332 543 1396 in
557 1353 596 1396 ea
609 1353 739 1415 possum
763 1331 849 1414 apud
870 1352 926 1394 vos
948 1351 1045 1395 causa
1066 1329 1246 1413 desperare,
1263 1349 1360 1411 quam

405 1433 481 1499 hinc
501 1435 651 1518 majestas
670 1433 767 1499 curiae
785 1434 863 1498 inde
882 1455 957 1498 mea
978 1440 1012 1497 ct
1033 1433 1169 1497 aliorum
1190 1431 1359 1495 humilitas

405 1537 582 1602 amicorum
612 1537 697 1622 apud
726 1546 866 1602 vestram
894 1537 1013 1600 nititur
1040 1535 1301 1600 benevolentiam
1325 1534 1361 1597 in

275 1685 286 1708 .
405 1645 473 1704 tam
487 1640 623 1704 honesto
638 1638 796 1706 desiderio
810 1659 969 1724 perorare.
1001 1638 1127 1702 Valete.

541 1939 762 2006 EPISTOLA
783 1939 1046 2004 comi-ro
1061 1957 1218 2002 nornen.

410 2091 583 2153 Venerabili
605 2091 726 2154 domim
739 2089 904 2172 fratrique
926 2089 1087 2152 cumano
1109 2089 1149 2150 R.
1171 2087 1274 2151 Istoc!
1295 2087 1359 2150 Dei

442 2199 550 2276 pratia
564 2197 714 2276 episcopo,
724 2193 837 2276 frater
854 2196 892 2258 G.
908 2193 1132 2258 monimen
1149 2193 1284 2256 ecclesie
1301 2193 1357 2254 mt-

446 2299 553 2377 nistcr,
568 2298 708 2361 salutem.

446 2447 554 2512 Vonrs
573 2448 736 2531 loquimur
756 2447 841 2512 sicut
860 2454 894 2512 et
913 2446 1018 2525 nobis,
1033 2467 1095 2511 nec
1107 2446 1223 2511 volunt
1240 2445 1294 2509 ab'i
1310 2466 1357 2509 se-

403 2555 492 2614 creta
511 2550 680 2615 committi.
728 2549 833 2634 Super
854 2569 952 2614 causa
973 2570 1070 2632 qnam
1091 2546 1185 2612 nobis
1206 2546 1356 2611 intimare

402 2655 548 2733 curastis,
571 2653 774 2738 adpraesens
795 2654 878 2718 illud
901 2655 938 2718 in
962 2653 1075 2737 primis
1099 2651 1248 2729 occurrit,
1272 2650 1358 2734 quod

402 2765 523 2822 certem
549 2758 776 2842 promulgastis
806 2777 902 2840 super
930 2777 967 2820 re
995 2755 1120 2820 incerta
1149 2753 1355 2818 sententiam.

401 2859 540 2925 Etcum
561 2861 601 2926 dc
619 2861 706 2926 facto
727 2881 794 2926 non
816 2865 990 2938 constaret,
1012 2857 1224 2942 pronuntiare
1245 2863 1357 2922 tamen

400 2964 446 3029 sic
468 2965 613 3043 curastis,
629 2985 665 3029 ac
688 2965 715 3028 si
737 2964 777 3029 de
798 2964 886 3028 fado
906 2963 1100 3027 constiterit.
1144 2961 1233 3025 Nam
1254 2981 1355 3043 quum

401 3067 522 3131 sotioni
539 3074 657 3131 nostrae
671 3067 888 3130 adversarium
903 3066 1007 3149 pariat
1020 3064 1090 3148 ipsa
1104 3063 1272 3147 possessio,
1287 3085 1354 3128 non

400 3175 476 3233 ante
503 3171 698 3235 sententiam
725 3171 839 3249 solum,
866 3171 924 3235 sed
951 3172 988 3234 in
1016 3171 1086 3254 ipso
1113 3170 1182 3234 litis
1206 3169 1355 3252 ingressu

399 3271 568 3355 oportebat
597 3280 744 3338 constare
774 3273 846 3357 quis
874 3271 1062 3358 possideret,
1092 3293 1113 3336 a
1141 3293 1206 3354 quo
1233 3273 1355 3354 petitor

398 3377 466 3460 ipse
491 3378 577 3461 quod
603 3379 653 3442 sui
680 3377 806 3443 dicebat
829 3378 912 3462 juris
937 3397 1016 3453 esse,
1039 3381 1210 3458 repeteret.
1254 3375 1354 3439 Nunc

398 3499 473 3543 vero
488 3479 626 3544 Rioardo
645 3480 685 3544 de
699 3479 811 3544 Ambli
834 3479 869 3542 in
890 3479 1089 3563 possessione
1110 3477 1226 3560 posito,
1241 3483 1274 3541 et
1294 3497 1355 3559 per

398 3583 520 3664 negotii
535 3589 694 3662 gestorem
709 3605 777 3646 rem
798 3583 850 3646 sni
865 3583 949 3667 juris
969 3603 1039 3646 esse
1058 3587 1270 3665 protestante,
1284 3601 1354 3644 non

397 3681 484 3745 inter
512 3680 685 3764 petitorem
714 3687 748 3745 et
776 3682 884 3764 ipsum
912 3683 948 3746 in
976 3681 1176 3764 possessione
1199 3679 1351 3764 positum,

398 3783 454 3850 sed
474 3784 577 3868 ωαςίε
597 3783 675 3848 alios
695 3791 786 3849 extra
805 3785 1037 3868 possessionem
1056 3785 1260 3863 constitutos,
1282 3805 1351 3849 non

398 3888 528 3972 quidem
550 3889 726 3971 cognitum,
750 3887 807 3952 sed
826 3888 1009 3972 judicatum
1030 3894 1091 3952 est.
1135 3887 1239 3952 Vobis
1261 3887 1351 3950 enirn

396 3991 563 4057 notionem
585 3992 669 4056 ferre
693 4013 760 4055 non
783 3991 894 4069 valuit,
919 3992 1152 4056 monachorum
1175 3989 1217 4053 de
1242 4009 1277 4054 se
1300 3990 1351 4054 rel

307 4114 318 4139 ·
396 4095 612 4160 archidianoni
625 4095 732 4172 vestri,
748 4095 798 4158 vel
813 4094 937 4173 decani,
952 4115 1048 4178 super
1065 4095 1168 4158 altero
1186 4093 1279 4156 nulla
1296 4113 1350 4157 ex-

395 4198 500 4263 hibita
524 4197 713 4282 probatione
738 4196 905 4262 confessio.
951 4196 1051 4261 Unde
1074 4196 1182 4278 palem
1206 4200 1267 4272 est,
1292 4195 1349 4258 Ri-

396 4301 491 4367 cardo
514 4301 553 4366 de
568 4299 679 4365 Ambli
702 4299 863 4364 sententia
884 4300 930 4363 sic
951 4299 1019 4364 iata
1032 4299 1115 4384 qnid
1127 4297 1257 4376 officiat,
1273 4317 1348 4361 cum
