<?xml version="1.0" encoding="UTF-8"?>
<!DOCTYPE html PUBLIC "-//W3C//DTD XHTML 1.0 Transitional//EN"
    "http://www.w3.org/TR/xhtml1/DTD/xhtml1-transitional.dtd">
<html xmlns="http://www.w3.org/1999/xhtml" xml:lang="en" lang="en">
 <head>
  <title>
</title>
<meta http-equiv="Content-Type" content="text/html;charset=utf-8" />
  <meta name='ocr-system' content='tesseract 3.04.00' />
  <meta name='ocr-capabilities' content='ocr_page ocr_carea ocr_par ocr_line ocrx_word'/>
</head>
<body>
  <div class='ocr_page' id='page_1' title='image "./gilbertiexabbat00gilegoog_0250.png"; bbox 0 0 3225 5192; ppageno 0'>
   <div class='ocr_carea' id='block_1_1' title="bbox 287 676 1238 759">
    <p class='ocr_par' dir='ltr' id='par_1_1' title="bbox 287 676 1238 759">
     <span class='ocr_line' id='line_1_1' title="bbox 287 676 1238 759; baseline 0.015 -24"><span class='ocrx_word' id='word_1_1' title='bbox 287 694 353 735; x_wconf 67' lang='lat' dir='ltr'><strong>an.</strong></span> <span class='ocrx_word' id='word_1_2' title='bbox 373 676 589 759; x_wconf 52' lang='lat' dir='ltr'><strong>nol-aa]</strong></span> <span class='ocrx_word' id='word_1_3' title='bbox 621 698 869 742; x_wconf 78' lang='lat' dir='ltr'><strong>noanoarrrnsrs</strong></span> <span class='ocrx_word' id='word_1_4' title='bbox 886 702 1062 745; x_wconf 75' lang='lat' dir='ltr'><strong>nrrsromr.</strong></span> <span class='ocrx_word' id='word_1_5' title='bbox 1174 690 1238 749; x_wconf 82' lang='lat'><strong>209</strong></span> 
     </span>
    </p>
   </div>
   <div class='ocr_carea' id='block_1_2' title="bbox 285 781 1238 1100">
    <p class='ocr_par' dir='ltr' id='par_1_2' title="bbox 285 781 1238 1100">
     <span class='ocr_line' id='line_1_2' title="bbox 286 781 1237 898; baseline 0.011 -26"><span class='ocrx_word' id='word_1_6' title='bbox 286 781 440 892; x_wconf 78' lang='lat' dir='ltr'><strong>superest,</strong></span> <span class='ocrx_word' id='word_1_7' title='bbox 461 811 496 874; x_wconf 90' lang='lat' dir='ltr'><strong>in</strong></span> <span class='ocrx_word' id='word_1_8' title='bbox 519 812 734 876; x_wconf 78' lang='lat' dir='ltr'>amaritudine</span> <span class='ocrx_word' id='word_1_9' title='bbox 759 813 852 876; x_wconf 76' lang='lat' dir='ltr'><strong>finim</strong></span> <span class='ocrx_word' id='word_1_10' title='bbox 876 817 1055 898; x_wconf 88' lang='lat' dir='ltr'><strong>compellat.</strong></span> <span class='ocrx_word' id='word_1_11' title='bbox 1102 820 1237 881; x_wconf 89' lang='lat' dir='ltr'><strong>Conscr-</strong></span> 
     </span>
     <span class='ocr_line' id='line_1_3' title="bbox 286 910 1238 985; baseline 0.012 -12"><span class='ocrx_word' id='word_1_12' title='bbox 286 919 337 974; x_wconf 82' lang='lat' dir='ltr'><strong>vet</strong></span> <span class='ocrx_word' id='word_1_13' title='bbox 366 910 622 985; x_wconf 75' lang='lat' dir='ltr'><strong>incolumitatem</strong></span> <span class='ocrx_word' id='word_1_14' title='bbox 647 922 785 978; x_wconf 85' lang='lat' dir='ltr'><strong>vestram</strong></span> <span class='ocrx_word' id='word_1_15' title='bbox 810 917 971 981; x_wconf 80' lang='lat' dir='ltr'><strong>Dominus</strong></span> <span class='ocrx_word' id='word_1_16' title='bbox 1001 920 1143 984; x_wconf 87' lang='lat' dir='ltr'><strong>ecclesiae</strong></span> <span class='ocrx_word' id='word_1_17' title='bbox 1172 944 1238 984; x_wconf 77' lang='lat' dir='ltr'><strong>suae</strong></span> 
     </span>
     <span class='ocr_line' id='line_1_4' title="bbox 285 1013 1237 1100; baseline 0.012 -24"><span class='ocrx_word' id='word_1_18' title='bbox 285 1013 395 1078; x_wconf 85' lang='lat' dir='ltr'><strong>multis</strong></span> <span class='ocrx_word' id='word_1_19' title='bbox 424 1015 626 1098; x_wconf 82' lang='lat' dir='ltr'><strong>profuturam</strong></span> <span class='ocrx_word' id='word_1_20' title='bbox 661 1017 869 1100; x_wconf 85' lang='lat' dir='ltr'>temporibus,</span> <span class='ocrx_word' id='word_1_21' title='bbox 899 1018 935 1081; x_wconf 92' lang='lat' dir='ltr'><strong>in</strong></span> <span class='ocrx_word' id='word_1_22' title='bbox 965 1019 1094 1085; x_wconf 84' lang='lat' dir='ltr'><strong>Christo</strong></span> <span class='ocrx_word' id='word_1_23' title='bbox 1123 1022 1237 1087; x_wconf 89' lang='lat' dir='ltr'><strong>dilecte</strong></span> 
     </span>
    </p>
   </div>
   <div class='ocr_carea' id='block_1_3' title="bbox 285 1124 384 1218">
    <p class='ocr_par' dir='ltr' id='par_1_3' title="bbox 285 1124 384 1218">
     <span class='ocr_line' id='line_1_5' title="bbox 285 1124 384 1218; baseline -0.03 -37"><span class='ocrx_word' id='word_1_24' title='bbox 285 1124 384 1218; x_wconf 83' lang='lat' dir='ltr'><strong>pater.</strong></span> 
     </span>
    </p>
   </div>
   <div class='ocr_carea' id='block_1_4' title="bbox 447 1319 1071 1388">
    <p class='ocr_par' dir='ltr' id='par_1_4' title="bbox 447 1319 1071 1388">
     <span class='ocr_line' id='line_1_6' title="bbox 447 1319 1071 1388; baseline 0.008 -5"><span class='ocrx_word' id='word_1_25' title='bbox 447 1319 669 1386; x_wconf 82' lang='lat' dir='ltr'><strong>EPIS&#39;I&#39;OLA</strong></span> <span class='ocrx_word' id='word_1_26' title='bbox 691 1321 900 1385; x_wconf 56' lang='lat' dir='ltr'><strong>clivi-sn</strong></span> <span class='ocrx_word' id='word_1_27' title='bbox 917 1344 1071 1388; x_wconf 75' lang='lat' dir='ltr'><strong>sunnam.</strong></span> 
     </span>
    </p>
   </div>
   <div class='ocr_carea' id='block_1_5' title="bbox 283 1468 1236 1757">
    <p class='ocr_par' dir='ltr' id='par_1_5' title="bbox 283 1468 1236 1757">
     <span class='ocr_line' id='line_1_7' title="bbox 283 1468 1236 1557; baseline 0.007 -26"><span class='ocrx_word' id='word_1_28' title='bbox 283 1468 377 1532; x_wconf 85' lang='lat' dir='ltr'><strong>Patri</strong></span> <span class='ocrx_word' id='word_1_29' title='bbox 391 1490 446 1533; x_wconf 76' lang='lat' dir='ltr'><strong>erto</strong></span> <span class='ocrx_word' id='word_1_30' title='bbox 462 1477 493 1535; x_wconf 88' lang='lat' dir='ltr'><strong>et</strong></span> <span class='ocrx_word' id='word_1_31' title='bbox 507 1472 628 1535; x_wconf 83' lang='lat' dir='ltr'><strong>domino</strong></span> <span class='ocrx_word' id='word_1_32' title='bbox 643 1491 760 1535; x_wconf 78' lang='lat' dir='ltr'><strong>somaro</strong></span> <span class='ocrx_word' id='word_1_33' title='bbox 768 1473 914 1554; x_wconf 81' lang='lat' dir='ltr'><strong>pontifici</strong></span> <span class='ocrx_word' id='word_1_34' title='bbox 926 1473 965 1537; x_wconf 84' lang='grc' dir='ltr'><strong>Α.</strong></span> <span class='ocrx_word' id='word_1_35' title='bbox 972 1473 1084 1557; x_wconf 78' lang='lat' dir='ltr'><strong>frater</strong></span> <span class='ocrx_word' id='word_1_36' title='bbox 1101 1477 1138 1538; x_wconf 88' lang='lat' dir='ltr'><strong>G.</strong></span> <span class='ocrx_word' id='word_1_37' title='bbox 1153 1477 1236 1538; x_wconf 83' lang='lat' dir='ltr'><strong>Loa-</strong></span> 
     </span>
     <span class='ocr_line' id='line_1_8' title="bbox 327 1572 1235 1652; baseline 0.009 -19"><span class='ocrx_word' id='word_1_38' title='bbox 327 1572 481 1635; x_wconf 81' lang='lat' dir='ltr'><strong>donieasis</strong></span> <span class='ocrx_word' id='word_1_39' title='bbox 495 1574 628 1637; x_wconf 62' lang='lat' dir='ltr'><strong>scolene</strong></span> <span class='ocrx_word' id='word_1_40' title='bbox 642 1575 792 1652; x_wconf 73' lang='lat' dir='ltr'><strong><em>minister,</em></strong></span> <span class='ocrx_word' id='word_1_41' title='bbox 802 1577 933 1639; x_wconf 74' lang='lat' dir='ltr'><strong>salutem</strong></span> <span class='ocrx_word' id='word_1_42' title='bbox 947 1581 979 1639; x_wconf 86' lang='lat' dir='ltr'><strong>et</strong></span> <span class='ocrx_word' id='word_1_43' title='bbox 993 1576 1128 1639; x_wconf 84' lang='lat' dir='ltr'><strong>debitum</strong></span> <span class='ocrx_word' id='word_1_44' title='bbox 1142 1580 1235 1641; x_wconf 69' lang='lat' dir='ltr'><strong>loono·</strong></span> 
     </span>
     <span class='ocr_line' id='line_1_9' title="bbox 324 1674 813 1757; baseline 0.004 -20"><span class='ocrx_word' id='word_1_45' title='bbox 324 1674 371 1737; x_wconf 81' lang='lat' dir='ltr'><strong>ris</strong></span> <span class='ocrx_word' id='word_1_46' title='bbox 385 1680 415 1738; x_wconf 85' lang='lat' dir='ltr'><strong>et</strong></span> <span class='ocrx_word' id='word_1_47' title='bbox 430 1674 607 1739; x_wconf 78' lang='lat' dir='ltr'><strong>obedientie</strong></span> <span class='ocrx_word' id='word_1_48' title='bbox 613 1674 813 1757; x_wconf 79' lang='lat' dir='ltr'><strong>famulatum.</strong></span> 
     </span>
    </p>
   </div>
   <div class='ocr_carea' id='block_1_6' title="bbox 267 1823 1234 4459">
    <p class='ocr_par' dir='ltr' id='par_1_6' title="bbox 272 1823 1234 3533">
     <span class='ocr_line' id='line_1_10' title="bbox 325 1823 1234 1911; baseline 0.009 -25"><span class='ocrx_word' id='word_1_49' title='bbox 325 1823 557 1889; x_wconf 77' lang='lat' dir='ltr'><strong>Bnnronrrsur</strong></span> <span class='ocrx_word' id='word_1_50' title='bbox 583 1834 706 1904; x_wconf 82' lang='lat' dir='ltr'><strong>restrae,</strong></span> <span class='ocrx_word' id='word_1_51' title='bbox 730 1836 832 1911; x_wconf 89' lang='lat' dir='ltr'><strong>pater,</strong></span> <span class='ocrx_word' id='word_1_52' title='bbox 856 1826 936 1890; x_wconf 89' lang='lat' dir='ltr'><strong>mihi</strong></span> <span class='ocrx_word' id='word_1_53' title='bbox 957 1828 1026 1911; x_wconf 87' lang='lat' dir='ltr'><strong>jam</strong></span> <span class='ocrx_word' id='word_1_54' title='bbox 1048 1830 1234 1911; x_wconf 73' lang='lat' dir='ltr'><strong>frequenter</strong></span> 
     </span>
     <span class='ocr_line' id='line_1_11' title="bbox 281 1926 1230 2013; baseline 0.008 -25"><span class='ocrx_word' id='word_1_55' title='bbox 281 1926 430 1991; x_wconf 74' lang='lat' dir='ltr'><strong>exhibitae</strong></span> <span class='ocrx_word' id='word_1_56' title='bbox 450 1929 544 1994; x_wconf 88' lang='lat' dir='ltr'><strong>corde</strong></span> <span class='ocrx_word' id='word_1_57' title='bbox 563 1929 749 2013; x_wconf 87' lang='lat' dir='ltr'><strong>provolutus</strong></span> <span class='ocrx_word' id='word_1_58' title='bbox 770 1937 801 1993; x_wconf 89' lang='lat' dir='ltr'><strong>et</strong></span> <span class='ocrx_word' id='word_1_59' title='bbox 823 1951 954 2013; x_wconf 89' lang='lat' dir='ltr'><strong>corpora</strong></span> <span class='ocrx_word' id='word_1_60' title='bbox 974 1930 1094 2012; x_wconf 86' lang='lat' dir='ltr'><strong>gratias</strong></span> <span class='ocrx_word' id='word_1_61' title='bbox 1113 1932 1230 1996; x_wconf 90' lang='lat' dir='ltr'><strong>humil-</strong></span> 
     </span>
     <span class='ocr_line' id='line_1_12' title="bbox 279 2026 1230 2114; baseline 0.009 -26"><span class='ocrx_word' id='word_1_62' title='bbox 279 2026 355 2090; x_wconf 89' lang='lat' dir='ltr'><strong>lime</strong></span> <span class='ocrx_word' id='word_1_63' title='bbox 380 2027 493 2109; x_wconf 77' lang='lat' dir='ltr'><strong>refero,</strong></span> <span class='ocrx_word' id='word_1_64' title='bbox 516 2029 602 2114; x_wconf 92' lang='lat' dir='ltr'><strong>quod</strong></span> <span class='ocrx_word' id='word_1_65' title='bbox 623 2052 705 2094; x_wconf 89' lang='lat' dir='ltr'><strong>onus</strong></span> <span class='ocrx_word' id='word_1_66' title='bbox 730 2052 749 2094; x_wconf 91' lang='lat' dir='ltr'><strong>a</strong></span> <span class='ocrx_word' id='word_1_67' title='bbox 772 2051 825 2094; x_wconf 88' lang='lat' dir='ltr'><strong>me</strong></span> <span class='ocrx_word' id='word_1_68' title='bbox 849 2052 913 2114; x_wconf 92' lang='lat' dir='ltr'><strong>quo</strong></span> <span class='ocrx_word' id='word_1_69' title='bbox 936 2031 1104 2114; x_wconf 88' lang='lat' dir='ltr'><strong>premebar</strong></span> <span class='ocrx_word' id='word_1_70' title='bbox 1126 2034 1230 2113; x_wconf 83' lang='lat' dir='ltr'><strong>anxie,</strong></span> 
     </span>
     <span class='ocr_line' id='line_1_13' title="bbox 278 2133 1228 2218; baseline 0.005 -23"><span class='ocrx_word' id='word_1_71' title='bbox 278 2133 470 2213; x_wconf 79' lang='lat' dir='ltr'><strong>praevalente</strong></span> <span class='ocrx_word' id='word_1_72' title='bbox 484 2135 616 2199; x_wconf 87' lang='lat' dir='ltr'><strong>tandem</strong></span> <span class='ocrx_word' id='word_1_73' title='bbox 632 2136 736 2218; x_wconf 84' lang='lat' dir='ltr'><strong>gratia</strong></span> <span class='ocrx_word' id='word_1_74' title='bbox 751 2134 976 2214; x_wconf 90' lang='lat' dir='ltr'><strong>summovistis,</strong></span> <span class='ocrx_word' id='word_1_75' title='bbox 988 2141 1052 2199; x_wconf 91' lang='lat' dir='ltr'><strong>eta</strong></span> <span class='ocrx_word' id='word_1_76' title='bbox 1067 2135 1228 2201; x_wconf 84' lang='lat' dir='ltr'><strong>moestitiae</strong></span> 
     </span>
     <span class='ocr_line' id='line_1_14' title="bbox 279 2235 1229 2321; baseline 0.005 -25"><span class='ocrx_word' id='word_1_77' title='bbox 279 2255 330 2297; x_wconf 89' lang='lat' dir='ltr'><strong>me</strong></span> <span class='ocrx_word' id='word_1_78' title='bbox 359 2235 500 2300; x_wconf 89' lang='lat' dir='ltr'><strong>tenebris</strong></span> <span class='ocrx_word' id='word_1_79' title='bbox 530 2238 564 2301; x_wconf 90' lang='lat' dir='ltr'><strong>in</strong></span> <span class='ocrx_word' id='word_1_80' title='bbox 595 2237 757 2321; x_wconf 90' lang='lat' dir='ltr'><strong>quandam</strong></span> <span class='ocrx_word' id='word_1_81' title='bbox 786 2244 905 2321; x_wconf 75' lang='lat' dir='ltr'><strong>optate</strong></span> <span class='ocrx_word' id='word_1_82' title='bbox 930 2238 998 2321; x_wconf 89' lang='lat' dir='ltr'><strong>spei</strong></span> <span class='ocrx_word' id='word_1_83' title='bbox 1024 2237 1229 2302; x_wconf 73' lang='lat' dir='ltr'><strong>serenitatem</strong></span> 
     </span>
     <span class='ocr_line' id='line_1_15' title="bbox 277 2336 1227 2424; baseline 0.003 -25"><span class='ocrx_word' id='word_1_84' title='bbox 277 2336 366 2401; x_wconf 86' lang='lat' dir='ltr'><strong>intua</strong></span> <span class='ocrx_word' id='word_1_85' title='bbox 382 2338 467 2421; x_wconf 87' lang='lat' dir='ltr'><strong>apud</strong></span> <span class='ocrx_word' id='word_1_86' title='bbox 482 2350 606 2423; x_wconf 89' lang='lat' dir='ltr'><strong>patrem</strong></span> <span class='ocrx_word' id='word_1_87' title='bbox 621 2341 770 2424; x_wconf 78' lang='lat' dir='ltr'><strong>pulsante</strong></span> <span class='ocrx_word' id='word_1_88' title='bbox 790 2361 847 2423; x_wconf 89' lang='lat' dir='ltr'><strong>pro</strong></span> <span class='ocrx_word' id='word_1_89' title='bbox 866 2339 932 2404; x_wconf 89' lang='lat' dir='ltr'><strong>filio</strong></span> <span class='ocrx_word' id='word_1_90' title='bbox 951 2340 1080 2423; x_wconf 89' lang='lat' dir='ltr'><strong>pietatis</strong></span> <span class='ocrx_word' id='word_1_91' title='bbox 1100 2340 1227 2419; x_wconf 86' lang='lat' dir='ltr'><strong>affectu,</strong></span> 
     </span>
     <span class='ocr_line' id='line_1_16' title="bbox 277 2436 1229 2526; baseline 0.008 -27"><span class='ocrx_word' id='word_1_92' title='bbox 277 2436 524 2505; x_wconf 86' lang='lat' dir='ltr'><strong>misericorditer</strong></span> <span class='ocrx_word' id='word_1_93' title='bbox 546 2440 727 2505; x_wconf 84' lang='lat' dir='ltr'><strong>induxistis.</strong></span> <span class='ocrx_word' id='word_1_94' title='bbox 773 2440 871 2505; x_wconf 90' lang='lat' dir='ltr'><strong>Unde</strong></span> <span class='ocrx_word' id='word_1_95' title='bbox 891 2441 996 2506; x_wconf 88' lang='lat' dir='ltr'><strong>soluto</strong></span> <span class='ocrx_word' id='word_1_96' title='bbox 1018 2442 1144 2507; x_wconf 87' lang='lat' dir='ltr'><strong>vinculo</strong></span> <span class='ocrx_word' id='word_1_97' title='bbox 1164 2465 1229 2526; x_wconf 91' lang='lat' dir='ltr'><strong>quo</strong></span> 
     </span>
     <span class='ocr_line' id='line_1_17' title="bbox 275 2540 1229 2628; baseline 0.007 -26"><span class='ocrx_word' id='word_1_98' title='bbox 275 2540 419 2620; x_wconf 84' lang='lat' dir='ltr'><strong>tenebar,</strong></span> <span class='ocrx_word' id='word_1_99' title='bbox 444 2543 499 2621; x_wconf 89' lang='lat' dir='ltr'><strong>nil,</strong></span> <span class='ocrx_word' id='word_1_100' title='bbox 524 2553 625 2627; x_wconf 89' lang='lat' dir='ltr'><strong>pater,</strong></span> <span class='ocrx_word' id='word_1_101' title='bbox 650 2552 699 2609; x_wconf 88' lang='lat' dir='ltr'><strong>est</strong></span> <span class='ocrx_word' id='word_1_102' title='bbox 726 2544 812 2627; x_wconf 90' lang='lat' dir='ltr'><strong>quod</strong></span> <span class='ocrx_word' id='word_1_103' title='bbox 838 2554 947 2628; x_wconf 89' lang='lat' dir='ltr'><strong>optem</strong></span> <span class='ocrx_word' id='word_1_104' title='bbox 973 2545 1120 2627; x_wconf 89' lang='lat' dir='ltr'><strong>amplius,</strong></span> <span class='ocrx_word' id='word_1_105' title='bbox 1143 2546 1229 2628; x_wconf 91' lang='lat' dir='ltr'><strong>quod</strong></span> 
     </span>
     <span class='ocr_line' id='line_1_18' title="bbox 276 2642 1228 2731; baseline 0.005 -25"><span class='ocrx_word' id='word_1_106' title='bbox 276 2642 508 2709; x_wconf 85' lang='lat' dir='ltr'><strong>desiderantius</strong></span> <span class='ocrx_word' id='word_1_107' title='bbox 530 2647 687 2725; x_wconf 86' lang='lat' dir='ltr'><strong>affectem,</strong></span> <span class='ocrx_word' id='word_1_108' title='bbox 707 2669 802 2731; x_wconf 89' lang='lat' dir='ltr'><strong>quam</strong></span> <span class='ocrx_word' id='word_1_109' title='bbox 826 2647 991 2710; x_wconf 78' lang='lat' dir='ltr'><strong>sanctitati</strong></span> <span class='ocrx_word' id='word_1_110' title='bbox 1013 2654 1127 2710; x_wconf 84' lang='lat' dir='ltr'><strong>vestrae</strong></span> <span class='ocrx_word' id='word_1_111' title='bbox 1148 2668 1228 2730; x_wconf 80' lang='lat' dir='ltr'><strong>prae-</strong></span> 
     </span>
     <span class='ocr_line' id='line_1_19' title="bbox 274 2748 1226 2833; baseline 0.004 -24"><span class='ocrx_word' id='word_1_112' title='bbox 274 2766 348 2810; x_wconf 87' lang='lat' dir='ltr'><strong>sens</strong></span> <span class='ocrx_word' id='word_1_113' title='bbox 363 2748 519 2827; x_wconf 84' lang='lat' dir='ltr'><strong>assistere,</strong></span> <span class='ocrx_word' id='word_1_114' title='bbox 537 2756 730 2833; x_wconf 78' lang='lat' dir='ltr'><strong>praesentem</strong></span> <span class='ocrx_word' id='word_1_115' title='bbox 750 2772 802 2813; x_wconf 88' lang='lat' dir='ltr'><strong>mc</strong></span> <span class='ocrx_word' id='word_1_116' title='bbox 822 2756 929 2813; x_wconf 91' lang='lat' dir='ltr'><strong>totum</strong></span> <span class='ocrx_word' id='word_1_117' title='bbox 949 2748 1037 2814; x_wconf 86' lang='lat' dir='ltr'><strong>vobis</strong></span> <span class='ocrx_word' id='word_1_118' title='bbox 1057 2770 1226 2833; x_wconf 81' lang='lat' dir='ltr'><strong>exponere,</strong></span> 
     </span>
     <span class='ocr_line' id='line_1_20' title="bbox 274 2850 1225 2936; baseline 0.003 -23"><span class='ocrx_word' id='word_1_119' title='bbox 274 2858 306 2913; x_wconf 90' lang='lat' dir='ltr'><strong>et</strong></span> <span class='ocrx_word' id='word_1_120' title='bbox 329 2850 412 2915; x_wconf 90' lang='lat' dir='ltr'><strong>hanc</strong></span> <span class='ocrx_word' id='word_1_121' title='bbox 435 2850 557 2916; x_wconf 82' lang='lat' dir='ltr'><strong>dierum</strong></span> <span class='ocrx_word' id='word_1_122' title='bbox 580 2874 724 2917; x_wconf 91' lang='lat' dir='ltr'><strong>meorum</strong></span> <span class='ocrx_word' id='word_1_123' title='bbox 746 2854 942 2936; x_wconf 82' lang='lat' dir='ltr'><strong>paucitatem</strong></span> <span class='ocrx_word' id='word_1_124' title='bbox 965 2852 1110 2916; x_wconf 86' lang='lat' dir='ltr'><strong>relictam</strong></span> <span class='ocrx_word' id='word_1_125' title='bbox 1132 2874 1152 2916; x_wconf 86' lang='lat' dir='ltr'><strong>a</strong></span> <span class='ocrx_word' id='word_1_126' title='bbox 1173 2862 1225 2916; x_wconf 93' lang='lat' dir='ltr'><strong>tu-</strong></span> 
     </span>
     <span class='ocr_line' id='line_1_21' title="bbox 273 2952 1226 3034; baseline 0.004 -19"><span class='ocrx_word' id='word_1_127' title='bbox 273 2952 428 3018; x_wconf 87' lang='lat' dir='ltr'><strong>multibus</strong></span> <span class='ocrx_word' id='word_1_128' title='bbox 453 2964 485 3018; x_wconf 90' lang='lat' dir='ltr'><strong>et</strong></span> <span class='ocrx_word' id='word_1_129' title='bbox 509 2955 692 3019; x_wconf 87' lang='lat' dir='ltr'><strong>turbinibus</strong></span> <span class='ocrx_word' id='word_1_130' title='bbox 723 2955 927 3034; x_wconf 89' lang='lat' dir='ltr'><strong>abstractam,</strong></span> <span class='ocrx_word' id='word_1_131' title='bbox 953 2956 1051 3019; x_wconf 87' lang='lat' dir='ltr'><strong>vestri</strong></span> <span class='ocrx_word' id='word_1_132' title='bbox 1080 2954 1226 3019; x_wconf 86' lang='lat' dir='ltr'><strong>modera-</strong></span> 
     </span>
     <span class='ocr_line' id='line_1_22' title="bbox 273 3058 1225 3141; baseline 0.002 -22"><span class='ocrx_word' id='word_1_133' title='bbox 273 3058 360 3120; x_wconf 88' lang='lat' dir='ltr'><strong>mine</strong></span> <span class='ocrx_word' id='word_1_134' title='bbox 374 3058 497 3121; x_wconf 87' lang='lat' dir='ltr'><strong>consilii</strong></span> <span class='ocrx_word' id='word_1_135' title='bbox 514 3066 615 3123; x_wconf 88' lang='lat' dir='ltr'><strong>totam</strong></span> <span class='ocrx_word' id='word_1_136' title='bbox 632 3058 772 3123; x_wconf 93' lang='lat' dir='ltr'><strong>Domino</strong></span> <span class='ocrx_word' id='word_1_137' title='bbox 786 3058 978 3141; x_wconf 78' lang='lat' dir='ltr'><strong>mancipare</strong></span> <span class='ocrx_word' id='word_1_138' title='bbox 1025 3058 1123 3121; x_wconf 93' lang='lat' dir='ltr'><strong>Unde</strong></span> <span class='ocrx_word' id='word_1_139' title='bbox 1144 3058 1225 3121; x_wconf 90' lang='lat' dir='ltr'><strong>meis</strong></span> 
     </span>
     <span class='ocr_line' id='line_1_23' title="bbox 273 3159 1225 3243; baseline 0.001 -21"><span class='ocrx_word' id='word_1_140' title='bbox 273 3159 411 3243; x_wconf 85' lang='lat' dir='ltr'><strong>graviter</strong></span> <span class='ocrx_word' id='word_1_141' title='bbox 426 3161 576 3225; x_wconf 80' lang='lat' dir='ltr'><strong>accrescit</strong></span> <span class='ocrx_word' id='word_1_142' title='bbox 590 3161 786 3239; x_wconf 88' lang='lat' dir='ltr'><strong>infortuniis,</strong></span> <span class='ocrx_word' id='word_1_143' title='bbox 797 3160 949 3243; x_wconf 88' lang='lat' dir='ltr'><strong>quicquid</strong></span> <span class='ocrx_word' id='word_1_144' title='bbox 964 3160 1130 3224; x_wconf 89' lang='lat' dir='ltr'><strong>obstaculo</strong></span> <span class='ocrx_word' id='word_1_145' title='bbox 1145 3160 1225 3224; x_wconf 91' lang='lat' dir='ltr'><strong>mihi</strong></span> 
     </span>
     <span class='ocr_line' id='line_1_24' title="bbox 273 3262 1225 3347; baseline 0 -22"><span class='ocrx_word' id='word_1_146' title='bbox 273 3284 335 3345; x_wconf 89' lang='lat' dir='ltr'><strong>quo</strong></span> <span class='ocrx_word' id='word_1_147' title='bbox 350 3264 457 3327; x_wconf 86' lang='lat' dir='ltr'><strong>minus</strong></span> <span class='ocrx_word' id='word_1_148' title='bbox 472 3272 582 3347; x_wconf 90' lang='lat' dir='ltr'><strong>optata</strong></span> <span class='ocrx_word' id='word_1_149' title='bbox 600 3284 761 3347; x_wconf 86' lang='lat' dir='ltr'><strong>peragam,</strong></span> <span class='ocrx_word' id='word_1_150' title='bbox 778 3274 811 3327; x_wconf 90' lang='lat' dir='ltr'><strong>et</strong></span> <span class='ocrx_word' id='word_1_151' title='bbox 829 3263 954 3327; x_wconf 84' lang='lat' dir='ltr'><strong>labores</strong></span> <span class='ocrx_word' id='word_1_152' title='bbox 974 3284 1061 3327; x_wconf 88' lang='lat' dir='ltr'><strong>meos</strong></span> <span class='ocrx_word' id='word_1_153' title='bbox 1082 3262 1225 3327; x_wconf 89' lang='lat' dir='ltr'><strong>diutinos</strong></span> 
     </span>
     <span class='ocr_line' id='line_1_25' title="bbox 272 3366 1224 3449; baseline 0 -21"><span class='ocrx_word' id='word_1_154' title='bbox 272 3375 304 3428; x_wconf 88' lang='lat' dir='ltr'><strong>et</strong></span> <span class='ocrx_word' id='word_1_155' title='bbox 325 3366 381 3429; x_wconf 91' lang='lat' dir='ltr'><strong>diu</strong></span> <span class='ocrx_word' id='word_1_156' title='bbox 401 3366 591 3430; x_wconf 89' lang='lat' dir='ltr'><strong>continuata</strong></span> <span class='ocrx_word' id='word_1_157' title='bbox 609 3366 706 3430; x_wconf 86' lang='lat' dir='ltr'><strong>taedia</strong></span> <span class='ocrx_word' id='word_1_158' title='bbox 725 3373 836 3449; x_wconf 88' lang='lat' dir='ltr'><strong>optato</strong></span> <span class='ocrx_word' id='word_1_159' title='bbox 856 3366 987 3429; x_wconf 86' lang='lat' dir='ltr'><strong>tandem</strong></span> <span class='ocrx_word' id='word_1_160' title='bbox 1008 3367 1073 3429; x_wconf 84' lang='lat' dir='ltr'><strong>lina</strong></span> <span class='ocrx_word' id='word_1_161' title='bbox 1095 3367 1224 3429; x_wconf 90' lang='lat' dir='ltr'><strong>conclu-</strong></span> 
     </span>
     <span class='ocr_line' id='line_1_26' title="bbox 272 3471 355 3533; baseline 0 0"><span class='ocrx_word' id='word_1_162' title='bbox 272 3471 355 3533; x_wconf 86' lang='lat' dir='ltr'><strong>darn.</strong></span> 
     </span>
    </p>

    <p class='ocr_par' dir='ltr' id='par_1_7' title="bbox 267 3574 1223 4378">
     <span class='ocr_line' id='line_1_27' title="bbox 315 3574 1223 3657; baseline -0.001 -20"><span class='ocrx_word' id='word_1_163' title='bbox 315 3574 403 3638; x_wconf 91' lang='lat' dir='ltr'><strong>Hinc</strong></span> <span class='ocrx_word' id='word_1_164' title='bbox 417 3575 496 3637; x_wconf 89' lang='lat' dir='ltr'><strong>mihi</strong></span> <span class='ocrx_word' id='word_1_165' title='bbox 512 3575 602 3638; x_wconf 89' lang='lat' dir='ltr'><strong>dolor</strong></span> <span class='ocrx_word' id='word_1_166' title='bbox 617 3574 744 3653; x_wconf 88' lang='lat' dir='ltr'><strong>insidet,</strong></span> <span class='ocrx_word' id='word_1_167' title='bbox 761 3583 794 3638; x_wconf 88' lang='lat' dir='ltr'><strong>et</strong></span> <span class='ocrx_word' id='word_1_168' title='bbox 809 3594 917 3637; x_wconf 91' lang='lat' dir='ltr'><strong>meum</strong></span> <span class='ocrx_word' id='word_1_169' title='bbox 932 3574 1146 3657; x_wconf 86' lang='lat' dir='ltr'><strong>undequaque</strong></span> <span class='ocrx_word' id='word_1_170' title='bbox 1160 3575 1223 3657; x_wconf 88' lang='lat' dir='ltr'><strong>spi-</strong></span> 
     </span>
     <span class='ocr_line' id='line_1_28' title="bbox 270 3676 1221 3758; baseline 0 -19"><span class='ocrx_word' id='word_1_171' title='bbox 270 3677 368 3741; x_wconf 88' lang='lat' dir='ltr'><strong>ritum</strong></span> <span class='ocrx_word' id='word_1_172' title='bbox 383 3676 516 3740; x_wconf 88' lang='lat' dir='ltr'><strong>involvit</strong></span> <span class='ocrx_word' id='word_1_173' title='bbox 532 3678 685 3754; x_wconf 88' lang='lat' dir='ltr'><strong>anxietas,</strong></span> <span class='ocrx_word' id='word_1_174' title='bbox 696 3677 772 3739; x_wconf 89' lang='lat' dir='ltr'><strong>dum</strong></span> <span class='ocrx_word' id='word_1_175' title='bbox 789 3698 827 3739; x_wconf 82' lang='lat' dir='ltr'><strong>ex</strong></span> <span class='ocrx_word' id='word_1_176' title='bbox 839 3676 943 3739; x_wconf 90' lang='lat' dir='ltr'><strong>causis</strong></span> <span class='ocrx_word' id='word_1_177' title='bbox 958 3676 1105 3758; x_wconf 88' lang='lat' dir='ltr'><strong>plurimis</strong></span> <span class='ocrx_word' id='word_1_178' title='bbox 1119 3697 1221 3739; x_wconf 89' lang='lat' dir='ltr'><strong>emer-</strong></span> 
     </span>
     <span class='ocr_line' id='line_1_29' title="bbox 271 3778 1222 3863; baseline 0.001 -21"><span class='ocrx_word' id='word_1_179' title='bbox 271 3788 352 3862; x_wconf 86' lang='lat' dir='ltr'><strong>gunt</strong></span> <span class='ocrx_word' id='word_1_180' title='bbox 374 3778 522 3863; x_wconf 85' lang='lat' dir='ltr'><strong>plurima,</strong></span> <span class='ocrx_word' id='word_1_181' title='bbox 539 3802 610 3863; x_wconf 85' lang='lat' dir='ltr'><strong>quae</strong></span> <span class='ocrx_word' id='word_1_182' title='bbox 633 3802 684 3843; x_wconf 90' lang='lat' dir='ltr'><strong>me</strong></span> <span class='ocrx_word' id='word_1_183' title='bbox 708 3790 841 3844; x_wconf 84' lang='lat' dir='ltr'><strong>avocant</strong></span> <span class='ocrx_word' id='word_1_184' title='bbox 864 3802 884 3843; x_wconf 86' lang='lat' dir='ltr'><strong>a</strong></span> <span class='ocrx_word' id='word_1_185' title='bbox 905 3781 1077 3862; x_wconf 86' lang='lat' dir='ltr'><strong>proposito,</strong></span> <span class='ocrx_word' id='word_1_186' title='bbox 1100 3787 1133 3843; x_wconf 86' lang='lat' dir='ltr'><strong>et</strong></span> <span class='ocrx_word' id='word_1_187' title='bbox 1155 3802 1222 3843; x_wconf 89' lang='lat' dir='ltr'><strong>non</strong></span> 
     </span>
     <span class='ocr_line' id='line_1_30' title="bbox 270 3882 1222 3966; baseline 0 -19"><span class='ocrx_word' id='word_1_188' title='bbox 270 3884 434 3947; x_wconf 84' lang='lat' dir='ltr'><strong>occasione</strong></span> <span class='ocrx_word' id='word_1_189' title='bbox 459 3883 607 3966; x_wconf 90' lang='lat' dir='ltr'><strong>quadam,</strong></span> <span class='ocrx_word' id='word_1_190' title='bbox 633 3882 689 3946; x_wconf 88' lang='lat' dir='ltr'><strong>sed</strong></span> <span class='ocrx_word' id='word_1_191' title='bbox 711 3882 903 3949; x_wconf 87' lang='lat' dir='ltr'><strong>necessitate</strong></span> <span class='ocrx_word' id='word_1_192' title='bbox 926 3883 1097 3965; x_wconf 90' lang='lat' dir='ltr'><strong>multiplici</strong></span> <span class='ocrx_word' id='word_1_193' title='bbox 1122 3893 1222 3947; x_wconf 86' lang='lat' dir='ltr'><strong>retra·</strong></span> 
     </span>
     <span class='ocr_line' id='line_1_31' title="bbox 267 3985 1220 4070; baseline 0 -21"><span class='ocrx_word' id='word_1_194' title='bbox 267 3986 354 4049; x_wconf 90' lang='lat' dir='ltr'><strong>hunt</strong></span> <span class='ocrx_word' id='word_1_195' title='bbox 370 3985 409 4050; x_wconf 90' lang='lat' dir='ltr'><strong>ab</strong></span> <span class='ocrx_word' id='word_1_196' title='bbox 425 3987 575 4070; x_wconf 88' lang='lat' dir='ltr'><strong>incoepto.</strong></span> <span class='ocrx_word' id='word_1_197' title='bbox 612 3987 654 4049; x_wconf 87' lang='lat' dir='ltr'><strong>Et</strong></span> <span class='ocrx_word' id='word_1_198' title='bbox 670 3986 800 4069; x_wconf 91' lang='lat' dir='ltr'><strong>quidem</strong></span> <span class='ocrx_word' id='word_1_199' title='bbox 815 3986 849 4049; x_wconf 92' lang='lat' dir='ltr'><strong>in</strong></span> <span class='ocrx_word' id='word_1_200' title='bbox 864 3986 968 4049; x_wconf 88' lang='lat' dir='ltr'><strong>causis</strong></span> <span class='ocrx_word' id='word_1_201' title='bbox 983 3985 1038 4048; x_wconf 87' lang='lat' dir='ltr'><strong>illa</strong></span> <span class='ocrx_word' id='word_1_202' title='bbox 1052 3986 1156 4069; x_wconf 88' lang='lat' dir='ltr'><strong>prima</strong></span> <span class='ocrx_word' id='word_1_203' title='bbox 1170 3992 1220 4049; x_wconf 90' lang='lat' dir='ltr'><strong>est</strong></span> 
     </span>
     <span class='ocr_line' id='line_1_32' title="bbox 268 4088 1220 4174; baseline -0.003 -21"><span class='ocrx_word' id='word_1_204' title='bbox 268 4098 301 4153; x_wconf 90' lang='lat' dir='ltr'><strong>et</strong></span> <span class='ocrx_word' id='word_1_205' title='bbox 319 4089 490 4172; x_wconf 65' lang='lat' dir='ltr'><strong>precipua,</strong></span> <span class='ocrx_word' id='word_1_206' title='bbox 507 4089 592 4174; x_wconf 91' lang='lat' dir='ltr'><strong>quod</strong></span> <span class='ocrx_word' id='word_1_207' title='bbox 612 4090 709 4153; x_wconf 82' lang='lat' dir='ltr'><strong>exivit</strong></span> <span class='ocrx_word' id='word_1_208' title='bbox 729 4089 762 4152; x_wconf 87' lang='lat' dir='ltr'><strong>in</strong></span> <span class='ocrx_word' id='word_1_209' title='bbox 784 4110 877 4153; x_wconf 88' lang='lat' dir='ltr'><strong>aures</strong></span> <span class='ocrx_word' id='word_1_210' title='bbox 897 4088 1042 4153; x_wconf 78' lang='lat' dir='ltr'><strong>omnium</strong></span> <span class='ocrx_word' id='word_1_211' title='bbox 1058 4088 1185 4173; x_wconf 87' lang='lat' dir='ltr'><strong>jamdiu</strong></span> <span class='ocrx_word' id='word_1_212' title='bbox 1200 4110 1220 4150; x_wconf 89' lang='lat' dir='ltr'><strong>a</strong></span> 
     </span>
     <span class='ocr_line' id='line_1_33' title="bbox 267 4190 1220 4269; baseline -0.001 -15"><span class='ocrx_word' id='word_1_213' title='bbox 267 4191 458 4257; x_wconf 88' lang='lat' dir='ltr'><strong>celsitudine</strong></span> <span class='ocrx_word' id='word_1_214' title='bbox 474 4199 578 4256; x_wconf 90' lang='lat' dir='ltr'><strong>vestra</strong></span> <span class='ocrx_word' id='word_1_215' title='bbox 597 4192 632 4255; x_wconf 91' lang='lat' dir='ltr'><strong>in</strong></span> <span class='ocrx_word' id='word_1_216' title='bbox 652 4214 703 4255; x_wconf 89' lang='lat' dir='ltr'><strong>me</strong></span> <span class='ocrx_word' id='word_1_217' title='bbox 722 4192 821 4255; x_wconf 87' lang='lat' dir='ltr'><strong>latam</strong></span> <span class='ocrx_word' id='word_1_218' title='bbox 840 4190 1045 4269; x_wconf 86' lang='lat' dir='ltr'><strong>sententiam,</strong></span> <span class='ocrx_word' id='word_1_219' title='bbox 1061 4211 1135 4253; x_wconf 90' lang='lat' dir='ltr'><strong>cum</strong></span> <span class='ocrx_word' id='word_1_220' title='bbox 1156 4190 1220 4254; x_wconf 91' lang='lat' dir='ltr'><strong>col·</strong></span> 
     </span>
     <span class='ocr_line' id='line_1_34' title="bbox 267 4281 1218 4378; baseline -0.002 -21"><span class='ocrx_word' id='word_1_221' title='bbox 267 4288 333 4357; x_wconf 85' lang='lat' dir='ltr'><strong>lata</strong></span> <span class='ocrx_word' id='word_1_222' title='bbox 347 4295 427 4358; x_wconf 89' lang='lat' dir='ltr'><strong>mihi</strong></span> <span class='ocrx_word' id='word_1_223' title='bbox 443 4316 501 4378; x_wconf 92' lang='lat' dir='ltr'><strong>pro</strong></span> <span class='ocrx_word' id='word_1_224' title='bbox 513 4304 602 4378; x_wconf 88' lang='lat' dir='ltr'><strong>parte</strong></span> <span class='ocrx_word' id='word_1_225' title='bbox 614 4295 718 4377; x_wconf 83' lang='lat' dir='ltr'><strong>gratia</strong></span> <span class='ocrx_word' id='word_1_226' title='bbox 729 4296 779 4358; x_wconf 84' lang='lat' dir='ltr'><strong>vix</strong></span> <span class='ocrx_word' id='word_1_227' title='bbox 791 4295 897 4358; x_wconf 85' lang='lat' dir='ltr'><strong>adhuc</strong></span> <span class='ocrx_word' id='word_1_228' title='bbox 908 4294 1018 4377; x_wconf 87' lang='lat' dir='ltr'><strong>paucis</strong></span> <span class='ocrx_word' id='word_1_229' title='bbox 1029 4281 1218 4355; x_wconf 86' lang='lat' dir='ltr'><strong>innotuerit.</strong></span> 
     </span>
    </p>

    <p class='ocr_par' dir='ltr' id='par_1_8' title="bbox 739 4418 756 4459">
     <span class='ocr_line' id='line_1_35' title="bbox 739 4418 756 4459; baseline 0 0"><span class='ocrx_word' id='word_1_230' title='bbox 739 4418 756 4459; x_wconf 85' lang='lat' dir='ltr'><strong>r</strong></span> 
     </span>
    </p>
   </div>
   <div class='ocr_carea' id='block_1_7' title="bbox 0 0 1618 5192">
    <p class='ocr_par' dir='ltr' id='par_1_9' title="bbox 0 0 1618 5192">
     <span class='ocr_line' id='line_1_36' title="bbox 0 0 1618 5192; baseline 0 7"><span class='ocrx_word' id='word_1_231' title='bbox 0 0 1618 5192; x_wconf 95' lang='lat' dir='ltr'><strong> </strong></span> 
     </span>
    </p>
   </div>
  </div>
 </body>
</html>
