3225 5192
296 692 580 779 u.u.1161-89.]
628 713 868 761 uouooursusrs
883 715 1059 762 erroroms.
1184 704 1247 765 291

295 825 345 890 ira
363 826 548 909 quindecim
567 847 641 893 vero
663 828 731 892 dies
752 835 826 914 post
847 837 1036 914 sequentem
1057 835 1161 899 sancti
1182 836 1248 900 Mi·

296 928 416 994 olraelis
429 929 648 1010 festivitatem,
664 931 743 996 item
758 937 832 998 octo
846 953 971 1000 marcae.
1005 936 1249 1020 Consequeuter
1297 964 1301 968 ⁴

295 1041 404 1098 autem
433 1033 520 1098 inira
541 1055 582 1098 xv
607 1033 674 1099 dies
699 1042 773 1118 post
797 1035 981 1118 proximum
1004 1039 1132 1122 paseha,
1160 1041 1246 1124 quod

294 1135 459 1200 residuum
480 1137 589 1217 firerit,
609 1157 711 1220 usque
733 1137 775 1202 ad
797 1159 958 1204 summum
979 1143 1148 1225 sexaginta
1168 1163 1246 1226 qua·

184 1315 193 1330 Ι
292 1245 368 1302 tuor
381 1239 479 1304 libras
494 1241 699 1320 Parisieuses,
715 1248 748 1306 et
769 1241 880 1307 doeem
900 1242 1017 1308 solidos
1036 1246 1244 1329 persolvetur.

293 1339 389 1406 Quod
409 1341 484 1426 quia
506 1363 564 1432 pro
587 1343 696 1426 iuopia
715 1343 882 1408 creditoris
900 1347 1081 1430 promptius
1102 1348 1244 1432 expediri

291 1463 358 1508 uon
371 1450 509 1530 poterat,

510 1547 602 1630 (Hor
616 1549 745 1629 epistola
760 1547 940 1630 imperfecto
953 1551 1023 1632 eet.)

288 1860 507 1926 EPIS'POLA
530 1861 771 1930 cmx-m
788 1883 820 1926 a.
838 1883 1094 1927 rrersrrausxu
1115 1884 1239 1928 sacur-

663 1982 864 2026 fflseeffl.
882 1979 1021 2026 umor
1036 1985 1089 2030 “rs

288 2112 326 2174 G.
337 2112 399 2175 Dei
409 2116 516 2195 pratia
531 2113 755 2177 Loodonieosts
769 2114 938 2195 episcopm,
950 2121 1079 2196 soporato
1093 2120 1124 2177 et
1138 2116 1237 2178 anvico

326 2235 381 2279 uto
401 2217 571 2295 carissimo,
586 2217 626 2280 R.
642 2217 835 2281 Pictooieuoi
849 2217 1089 2299 archiepiscope,
1105 2220 1238 2281 ceteris·

324 2338 382 2400 que
396 2319 512 2383 domini
531 2321 614 2402 repis
623 2321 776 2402 jmticiis,
787 2319 919 2402 sumtus
938 2321 1093 2402 meando
1103 2322 1238 2403 furtiuo

323 2420 492 2484 mercedem
496 2423 581 2504 justi
593 2429 764 2504 reportare.

326 2563 480 2649 Rumori,
492 2569 699 2650 dilectissimi,
716 2569 860 2652 gladium
871 2571 1084 2635 circumfertis
1098 2571 1140 2634 ad
1152 2578 1234 2636 tem-

281 2693 352 2756 pus,
376 2691 483 2756 quem,
507 2672 583 2756 quia
603 2673 640 2736 iu
661 2671 838 2737 vindictam
860 2672 1019 2737 malorum
1042 2673 1236 2757 laudemque

279 2773 438 2839 bonorum
460 2782 665 2840 consecratus
688 2781 748 2854 est,
772 2775 818 2839 sio
840 2781 918 2858 opto
941 2773 982 2839 de
1005 2795 1107 2839 mauu
1128 2783 1235 2840 vestra

279 2877 484 2961 experiantur
507 2877 595 2957 mali,
620 2897 673 2957 ue,
698 2875 784 2961 quod
812 2875 907 2955 absit,
931 2895 970 2940 eo
994 2875 1173 2960 puniantur
1199 2884 1232 2940 et

278 2979 365 3059 boui,
388 2981 437 3046 sie.
454 2979 585 3064 putrida
605 2978 801 3057 reoidautur,
825 2999 869 3044 ue
892 2977 1039 3044 membra
1060 2998 1133 3062 que
1153 2998 1233 3042 saua

277 3089 354 3148 suut
374 3083 550 3168 morboque
569 3084 712 3148 oareutie
731 3081 835 3167 plagis
854 3087 889 3146 et
910 3079 1105 3146 orueiatibus
1124 3085 1230 3145 atten-

275 3190 397 3250 tentur.
441 3185 588 3250 Audistis
607 3185 768 3270 piaeulure
787 3183 958 3268 flagitium,
972 3183 1147 3249 honestum
1167 3184 1226 3248 soi·

272 3289 349 3352 lieet
371 3287 522 3354 clericum
542 3287 584 3352 ad
602 3288 763 3354 malorum
782 3286 916 3352 iusidias
935 3307 1003 3350 uou
1022 3285 1228 3351 uulneratum
1306 3321 1312 3332 ·

274 3390 484 3471 solummodo,
502 3390 560 3456 sed
581 3397 615 3455 et
636 3390 739 3474 plagis
760 3389 920 3474 impositis
941 3388 1090 3454 relietum
1110 3388 1227 3454 misere

273 3493 469 3559 semivivum.
514 3494 616 3578 Cujus
635 3491 767 3577 quidem
785 3497 1021 3577 perpetratores
1041 3491 1168 3556 seeleris
1189 3491 1225 3556 iu

272 3595 414 3680 proxime
429 3595 590 3661 celebrata
607 3594 730 3681 syuodo
746 3595 877 3660 Satine
890 3593 1092 3673 tradidimus,
1107 3591 1144 3658 iu
1158 3614 1225 3684 sure

271 3698 375 3764 caruis
396 3698 575 3778 interitum,
590 3705 630 3764 ut
647 3719 744 3784 quem
765 3698 990 3781 instigatorem
1012 3695 1222 3776 admiserunt,

270 3803 431 3868 oommissi
446 3803 573 3868 sceleris
586 3808 726 3886 urgente
740 3800 892 3880 Domino,
907 3800 1051 3866 sentiant
1072 3805 1106 3864 et
1128 3820 1222 3884 expe·

194 3923 198 3932 ·
269 3907 396 3970 riantur
413 3905 563 3971 ultorem.
607 3905 656 3969 Ex
676 3903 728 3969 his
748 3903 914 3987 quosdam,
929 3910 968 3968 ut
987 3902 1093 3983 audio,
1108 3924 1221 3988 appre-

269 4007 437 4088 hendistis,
449 4027 567 4093 eosque
578 4007 660 4092 juris
674 4007 796 4090 laqueis
811 4012 850 4071 ut
864 4007 1032 4090 potestatis
1043 4004 1221 4090 judiciarie

268 4111 418 4177 severitas
438 4111 559 4196 expetit
578 4109 782 4189 innodantes,
802 4109 964 4193 legitimos
984 4109 1022 4173 in
1041 4108 1133 4173 uullo
1154 4115 1219 4172 tra·

266 4216 362 4280 mites
387 4215 575 4280 excessistis.
619 4212 734 4278 Laudo
755 4233 813 4278 vos
841 4219 875 4277 et
904 4211 1106 4278 eommissam
1129 4210 1218 4276 vobis

266 4317 516 4384 sollicitudiuem
538 4315 742 4382 laudabiliter
765 4335 913 4381 exeruere
934 4320 1024 4379 totus
1047 4311 1216 4396 applaudo.

710 4439 733 4481 u
747 4420 769 4480 2
