3225 5192
379 714 440 775 190
689 730 1005 775 amsaarrsrrscorr

462 1060 685 1126 EPIS'POLA
707 1060 951 1126 oxma-n>
967 1082 1007 1126 w.
1025 1081 1243 1126 crsnrnsrn

753 1184 956 1229 aencorum

380 1316 554 1381 Venerabili
579 1316 701 1380 domim
723 1316 886 1399 fratrique
915 1318 1075 1381 consumo
1101 1316 1151 1381 W.
1176 1317 1329 1380 carrena

417 1421 480 1484 Dei
497 1421 606 1503 pratia
628 1422 778 1504 episcopo,
791 1419 903 1502 frater
924 1421 961 1483 G.
981 1419 1176 1502 Hercscrdioe
1197 1421 1329 1483 ecclesia

417 1526 568 1604 minister,
583 1526 759 1589 salutemet
774 1525 976 1590 dilectionem·

418 1675 596 1742 Quamuis
619 1696 661 1739 au
683 1653 891 1759 appellationi
911 1676 1002 1741 locus
1023 1674 1076 1755 sit,
1098 1696 1175 1740 cum
1195 1674 1328 1739 manda·

373 1786 446 1845 tum
469 1778 592 1845 domini
613 1779 713 1863 legati
734 1780 949 1864 susceperitis,
964 1786 1003 1844 nt
1022 1778 1199 1863 Ingenulfo
1216 1800 1328 1844 mona·

374 1882 445 1962 cho,
460 1888 585 1947 remota
599 1882 823 1967 appellatione,
838 1882 1068 1966 respondeatis.
1112 1882 1179 1949 Qui
1192 1882 1329 1947 forsitan

375 1986 569 2070 ingenulfus
593 2007 722 2051 cansam
746 2008 819 2069 quse
839 1986 977 2051 vertitur
1001 1985 1088 2051 inter
1107 2006 1174 2064 ros,
1197 1984 1328 2050 domino

372 2110 464 2174 papa
483 2110 551 2153 uon
570 2088 650 2154 adeo
670 2088 844 2173 diligenter
863 2088 1021 2173 exposuit,
1036 2096 1076 2152 ut
1095 2086 1182 2172 quod
1200 2110 1221 2153 a
1238 2087 1328 2153 vobis

372 2192 409 2255 in
432 2192 540 2275 ipsum
565 2200 676 2257 actum
700 2199 759 2269 est,
783 2194 958 2277 apostolica
982 2200 1112 2277 gestum
1136 2192 1328 2258 auctoritate

374 2295 561 2359 declararet.
605 2293 704 2360 Unde
723 2296 751 2359 si
769 2296 903 2380 palliata
915 2296 1101 2361 humilitate
1120 2304 1155 2361 et
1173 2297 1327 2361 muscen-

372 2398 420 2463 tia
441 2397 593 2463 simulata
614 2398 759 2485 jndicem
784 2398 827 2463 ad
849 2399 1005 2483 pietatem
1028 2400 1258 2465 commovendo
1277 2420 1327 2463 re-

374 2502 529 2587 scriptum
543 2502 737 2587 impetravit,
750 2502 837 2587 quod
849 2510 991 2568 vestram
1003 2503 1192 2568 nouaclum
1206 2510 1326 2587 gravet

374 2606 432 2671 sed
452 2607 567 2690 puniat
589 2606 806 2672 obedientiam
826 2606 1066 2691 prescriptione
1086 2606 1327 2671 mendaciorum

373 2710 529 2795 opposita,
543 2711 758 2777 intentionem
774 2711 802 2775 si
816 2710 983 2795 placuerit,
998 2710 1136 2776 elidetis.
1176 2711 1329 2776 Vestram

374 2815 462 2878 enim
477 2834 545 2879 non
559 2814 640 2879 latet
654 2813 862 2899 prudentiam
876 2814 963 2898 quod
976 2835 1074 2899 super
1087 2814 1150 2879 hoc
1168 2814 1206 2878 in
1224 2814 1328 2899 primo

374 2917 501 2983 Codicis
529 2918 565 2980 in
594 2917 682 2981 hunc
706 2917 840 2982 modum
865 2920 1062 2998 continetur,
1087 2919 1328 3003 prescriptione

373 3020 615 3086 mendaciorum
640 3020 795 3105 opposita,
822 3021 850 3085 si
874 3043 943 3086 nou
970 3022 1008 3085 in
1032 3022 1117 3107 juris
1142 3024 1329 3088 narratione

374 3227 469 3292 cendi
492 3226 606 3291 fraude
631 3248 690 3311 pro
715 3235 829 3293 tenore
851 3229 1006 3309 verinus,
1030 3252 1100 3295 nou
1125 3230 1327 3314 deprecantis

373 3331 585 3396 affirmatione
610 3330 724 3396 datum
743 3330 888 3415 judicem
913 3354 1115 3417 cognoscere,
1140 3341 1174 3399 et
1197 3340 1327 3399 seuten-

373 3434 454 3500 tiam
468 3434 550 3500 ierrc
565 3442 702 3519 oportet.
747 3434 847 3500 Unde
864 3442 899 3501 et
917 3445 1151 3521 consequenter
1165 3438 1325 3522 adjicitur,

373 3538 483 3623 puniri
499 3538 623 3622 judices
642 3538 810 3603 universos
825 3537 988 3623 jubemus,
1004 3539 1060 3621 qui
1074 3537 1238 3604 vetuerint
1255 3559 1326 3623 prc-
1354 3616 1360 3623 ¹

374 3642 460 3705 cium
482 3642 574 3724 argui
593 3641 778 3721 falsitatem,
797 3649 832 3706 et
853 3641 945 3705 ilico:
968 3641 1014 3705 Et
1035 3641 1063 3704 si
1084 3662 1152 3705 nou
1173 3641 1326 3723 cognitio,

373 3744 430 3809 scd
453 3744 599 3809 executio
621 3744 805 3823 mandatur,
829 3743 870 3809 de
889 3744 1025 3809 veritate
1049 3764 1181 3829 precum
1206 3742 1328 3827 inquiri

373 3855 509 3932 oportet,
523 3856 562 3912 nt
582 3848 609 3913 si
628 3848 716 3912 fraus
735 3848 920 3926 intervenit,
936 3847 976 3911 de
991 3849 1081 3912 omni
1100 3846 1233 3930 negotio
1252 3868 1327 3930 cog·

371 3958 533 4016 noscatur.
579 3951 705 4017 Quarto
728 3972 857 4035 quoque
876 3952 949 4015 loco
971 3950 1199 4035 subjungitur:
1229 3950 1274 4014 Et
1299 3949 1327 4013 si

371 4054 498 4139 legibus
514 4055 592 4138 quid
611 4062 867 4120 cousentaneum
883 4053 1024 4118 mendax
1041 4061 1189 4138 precator
1209 4053 1326 4117 attule-

371 4158 424 4238 rit,
441 4166 548 4223 eareat
566 4158 696 4242 penitus
716 4158 908 4242 impetratis,
926 4166 960 4222 et
979 4157 1143 4222 severitati
1162 4156 1327 4241 subjaceat

367 4262 554 4347 judicantis.
600 4261 725 4327 Literas
744 4263 854 4347 itaque
874 4262 998 4327 domini
1018 4283 1110 4347 papae
1132 4262 1248 4346 sapius
1270 4283 1327 4326 au·

371 4366 433 4430 diri
448 4377 481 4431 et
496 4367 667 4450 diligenter
681 4366 797 4451 inspici
819 4366 942 4431 bonum
957 4371 1016 4446 est,
1030 4366 1113 4461 utlsi
1128 4366 1261 4450 quidex
1275 4364 1327 4429 his
