3225 5192
405 646 471 708 342
719 657 881 702 ornanum
898 655 1050 700 rrrsoon

406 800 480 844 caro
499 777 653 844 car-iorem
673 775 829 852 habeatis,
849 775 1019 858 ipsumque
1039 776 1136 854 prout
1157 768 1274 833 honori
1293 787 1362 831 ves-

405 890 457 948 tro
478 879 638 964 congruit,
655 892 688 942 et
709 879 780 961 ejus
801 875 931 960 expedit
953 873 1140 951 humilitati,
1162 870 1363 957 protegendo

407 991 439 1048 et
462 980 660 1058 honorando,
676 986 710 1044 et
732 979 839 1062 ipsum
861 984 895 1042 et
916 997 979 1054 me,
997 977 1169 1059 pluresque
1191 973 1361 1038 nobiscum

407 1083 569 1168 amplioris
584 1103 624 1146 ex
638 1083 699 1146 hoc
714 1087 747 1145 et
763 1081 876 1163 gratiae
894 1088 927 1143 et
947 1079 1069 1142 servitii
1087 1076 1250 1142 debitores
1264 1075 1362 1139 lrabe-

408 1187 480 1252 atis.
524 1186 592 1249 Diu
606 1185 710 1249 valeat
729 1191 762 1248 et
780 1185 816 1247 in
838 1183 980 1246 Domino
994 1189 1174 1266 perseveret
1191 1179 1362 1244 incolumis

408 1297 514 1353 vestra
527 1286 721 1372 benignitas,
737 1285 953 1350 dilectissime.

536 1597 758 1664 EPISTOLA
788 1596 1061 1661 coms-m
1077 1616 1232 1660 rosanus.

414 1748 587 1814 Venerabili
602 1749 710 1831 fratri
731 1755 762 1811 et
783 1748 883 1810 omiw
908 1747 1070 1810 cardamo
1088 1747 1128 1808 R.
1154 1745 1363 1828 quomieasi

450 1853 514 1918 Dei
524 1855 631 1935 prolia
646 1852 795 1934 episcopo,
803 1849 916 1930 frater
932 1852 970 1912 G.
986 1849 1211 1912 Loadoum
1231 1849 1366 1911 ecclesio

452 1956 603 2033 inianter,
619 1955 749 2017 sulutem
764 1975 831 2017 cum
846 1955 955 2015 intimo
970 1953 1146 2015 dilectionis
1159 1951 1284 2036 offecto.

452 2103 506 2170 An
521 2113 622 2182 tuam,
637 2104 736 2168 irater
751 2103 923 2182 carnsime,
939 2103 1209 2168 consultationem
1228 2101 1264 2164 in
1283 2101 1364 2164 cari-

409 2214 477 2271 tate
496 2205 673 2292 respondeo
688 2205 774 2288 quod
794 2206 877 2270 mihi
891 2207 1006 2272 caritas
1024 2227 1121 2290 super
1134 2205 1195 2271 hoc
1209 2205 1366 2288 requisita

409 2310 591 2393 respondet,
608 2309 825 2392 deprehensos
845 2331 865 2372 a
883 2318 917 2374 te
936 2318 970 2374 et
989 2310 1026 2372 in
1043 2317 1102 2374 tua
1118 2308 1365 2391 comprehensos

410 2412 561 2497 parochia
575 2419 715 2476 textores
731 2411 771 2476 de
786 2410 989 2496 quibusdam,
1004 2420 1044 2475 ut
1059 2412 1183 2490 asseris,
1199 2410 1275 2476 fidei
1291 2431 1365 2474 nos-

411 2522 470 2580 trae
485 2515 628 2580 alticulis
643 2515 728 2578 mule
743 2515 930 2592 sentientes,
946 2536 1027 2598 quos
1044 2536 1112 2579 non
1128 2521 1259 2578 tuntum
1277 2512 1367 2575 nuda

410 2618 617 2701 blasphemiae
637 2619 827 2700 protestatio
844 2639 955 2682 verum
975 2618 1074 2682 etiam
1094 2624 1245 2681 constans
1265 2637 1365 2680 asser-

411 2721 458 2788 tio
473 2728 505 2784 et
520 2721 676 2804 propositi
692 2721 871 2804 pertinacia
889 2719 1057 2784 haereucos
1071 2741 1141 2784 esse
1154 2720 1366 2797 demonstrat,

412 2823 472 2888 sub
492 2832 581 2888 arcta
600 2825 733 2890 consulo
752 2832 912 2909 curitaque
930 2824 1078 2888 custodia
1096 2823 1244 2902 detineri,
1262 2821 1366 2886 donec

413 2927 520 3010 aliquo
542 2927 686 2991 locorum
709 2925 750 2990 ob
774 2926 915 2990 ecclesiae
937 2925 1163 2990 necessitatem
1186 2933 1244 2989 sut
1267 2945 1366 3008 nego-

412 3030 495 3094 tium
525 3031 617 3112 regui
646 3029 772 3094 celeber
800 3029 858 3093 fist
884 3029 1085 3094 sacerdotum
1112 3035 1367 3112 caeterorumque

413 3133 556 3198 fidelium
594 3139 780 3210 conventus,
819 3130 876 3195 ubi
912 3132 1060 3196 invocata
1095 3133 1198 3195 suncti
1235 3131 1366 3214 spiritus

414 3236 527 3321 gratia,
545 3235 585 3299 de
605 3236 769 3300 communi
789 3234 920 3317 negotio
934 3234 1114 3301 communis
1129 3241 1280 3302 exeratur
1294 3255 1366 3298 sen-

415 3339 527 3417 tentia,
543 3359 614 3422 quse
629 3338 706 3421 quid
722 3359 818 3421 super
835 3338 896 3401 hoc
916 3338 968 3420 agi
988 3343 1144 3421 oporteat,
1160 3344 1193 3402 et
1208 3357 1319 3401 secure
1333 3343 1367 3400 et

413 3443 535 3510 sineere
557 3443 657 3525 possit
681 3441 828 3506 diffinire.
873 3440 945 3504 Illis
969 3461 1045 3505 vero
1067 3441 1199 3504 interim
1222 3461 1367 3505 seorsum

283 3609 292 3625 ‚
413 3545 607 3623 constitutis,
624 3565 665 3610 ne
684 3544 806 3608 mutuis
822 3564 856 3607 se
870 3545 995 3628 possint
1009 3544 1045 3608 in
1058 3544 1182 3608 melum
1196 3543 1368 3608 obfirmare

338 3643 343 3654 '
412 3645 587 3730 colloquiis,
604 3646 704 3711 bonos
719 3647 803 3710 viros
824 3654 858 3709 et
878 3668 1000 3729 graves
1016 3647 1099 3712 viros
1118 3646 1262 3731 probatae
1280 3645 1367 3724 fidei,

413 3749 528 3814 divinae
542 3749 622 3833 legis
643 3757 676 3814 et
696 3750 863 3814 literarum
878 3750 1008 3833 peritos,
1023 3770 1136 3814 eorum
1150 3771 1237 3814 curse
1251 3771 1366 3814 conve·
1415 3777 1418 3782 ·

412 3853 461 3920 nit
486 3855 518 3920 et
541 3853 695 3918 custodiae
718 3853 876 3938 deputari,
900 3853 957 3936 qui
979 3874 1035 3918 eos
1057 3853 1189 3916 visitent
1211 3854 1248 3916 iu
1269 3851 1368 3916 verbo

413 3956 648 4040 predicationis
678 3965 806 4035 sanctae,
838 3957 969 4020 monitis
999 3957 1175 4033 emolliant,
1206 3956 1303 4018 minis
1332 3963 1366 4019 ct

412 4066 503 4123 metu
527 4079 694 4144 ptenarum
719 4057 921 4136 exterreant,
934 4060 1042 4142 flagris
1065 4057 1232 4122 interdum
1254 4066 1287 4122 et
1310 4059 1368 4122 lla·
1419 4142 1421 4145 Ι

413 4163 504 4245 gellis
541 4185 617 4228 cum
653 4161 818 4224 moderata
854 4161 1023 4226 severitate
1053 4167 1232 4239 coerceant,
1259 4167 1293 4224 et
1325 4159 1367 4224 ad

412 4266 552 4330 ecclesiae
567 4265 723 4329 unitatem
744 4264 938 4328 omnimodis
957 4271 1054 4347 prout
1074 4264 1192 4328 caritas
1212 4269 1366 4347 suggeret
