3225 5192
277 700 557 784 s.1›.1189-48.]
607 719 820 765 onoessnarsr
835 720 1012 766 rrrsronns.
1182 705 1226 769 3⁷

273 845 385 902 vestrae
406 839 547 923 placeret
567 839 751 905 discretioni
770 840 901 906 clericos
915 848 1043 906 nosnos
1056 841 1156 907 talem
1171 844 1225 928 ju·

275 941 378 1006 dicare
399 949 570 1025 oporteret,
587 964 682 1027 quem
696 943 771 1007 ritae
793 944 1034 1009 commendaret
1053 945 1224 1010 honestas:

275 1043 329 1126 qui
350 1063 389 1108 ex
411 1065 484 1108 arce
502 1045 682 1128 prudentiae
695 1045 856 1130 judicaret
873 1047 1082 1126 incestuosos,
1096 1069 1164 1112 non
1186 1069 1226 1112 ex

275 1153 378 1211 stratu
398 1148 542 1214 mollitiae
556 1149 690 1214 Domini
705 1149 886 1215 sacerdotes
900 1151 1087 1215 offenderet.
1130 1151 1224 1216 Vale.

354 1449 575 1516 EPISTOLA
597 1451 796 1518 XXV.-su
813 1473 995 1518 suasurus(
1012 1475 1139 1519 aaran.

275 1607 368 1669 Patri
388 1627 444 1670 suo
465 1613 497 1672 ct
519 1609 641 1672 domhw
664 1629 780 1672 summo
801 1610 864 1672 Dei
883 1612 993 1693 pretio
1017 1609 1163 1692 Pontifici
1183 1611 1225 1676 E.

308 1709 419 1791 frater
437 1711 474 1774 G.
497 1711 675 1775 Glocestric
696 1711 798 1776 dictae
820 1712 926 1791 addua,
947 1733 1041 1776 unam
1062 1734 1155 1796 qaam
1170 1734 1227 1796 pe·

318 1817 385 1878 tunt
399 1836 421 1878 o
434 1815 567 1879 Domino
573 1815 714 1898 feliciter
728 1817 875 1881 obtinere.

319 1983 419 2050 Quor
444 1986 549 2050 missis
578 1985 679 2050 literis
708 1987 913 2071 majestatem
936 1992 1086 2065 vestram,
1112 1985 1227 2050 dilecte

273 2094 373 2172 pater,
389 2087 592 2173 interpellare
606 2091 848 2174 presumimus:
871 2089 948 2153 hinc
961 2088 1132 2173 persuadet
1148 2089 1228 2153 cari-

273 2197 332 2270 tas,
348 2191 425 2256 hinc
440 2191 605 2256 humilitas
625 2193 815 2277 expavescit.
860 2192 939 2256 Plus
952 2199 1064 2257 tamen
1078 2193 1227 2275 eligimus

274 2294 359 2378 apud
374 2301 500 2378 patrem
520 2296 560 2359 de
580 2297 700 2380 pietate
720 2295 846 2380 corripi,
862 2318 959 2380 quam
974 2295 1060 2380 apud
1080 2294 1228 2365 dominos

168 2428 170 2438 ι
274 2403 306 2461 et
335 2398 451 2462 fratres
480 2405 608 2464 nostros
637 2398 858 2464 dilectissimos
888 2399 929 2464 de
958 2405 1066 2484 spreta
1094 2400 1228 2464 caritate

273 2494 430 2559 damnari.
482 2496 563 2561 Ideo
589 2497 780 2562 sublimitati
806 2505 920 2563 vestrae
948 2519 1058 2582 preces
1087 2497 1227 2562 humiles

274 2599 482 2682 supplicantis
498 2601 616 2664 affectu
631 2601 835 2684 porrigimus,
851 2607 889 2664 ut
904 2599 1087 2664 venientem
1109 2599 1151 2664 ad
1172 2621 1228 2663 vos

274 2702 441 2766 dominum
456 2702 716 2768 Lincolniensem
737 2705 921 2788 episcopum
940 2725 1005 2786 qua
1024 2703 1117 2767 decet
1135 2702 1227 2766 boni-

272 2810 374 2868 tatem
388 2812 527 2869 vestram
543 2807 647 2889 gratia
668 2807 849 2890 suscipiatis
869 2812 903 2870 et
922 2805 957 2869 in
977 2805 1043 2868 suis
1062 2825 1138 2868 eum
1157 2825 1229 2888 pos·

271 2906 485 2971 tulationibus
501 2909 599 2992 justis
622 2908 772 2973 audiatis.
818 2909 881 2973 Cui
902 2915 1030 2972 verost
1050 2907 1091 2970 ad
1112 2907 1229 2971 doctri-

273 3029 349 3071 nam
364 3009 499 3073 scientia
513 3017 546 3074 et
561 3010 602 3075 ad
616 3010 821 3076 honestatem
836 3033 941 3075 mores
957 3010 1151 3090 exuberant,
1158 3011 1229 3094 dig·

273 3133 353 3175 num
373 3118 422 3176 est
442 3111 527 3196 apud
547 3121 673 3198 patrem
692 3122 800 3179 totum
816 3115 903 3198 quod
917 3115 1038 3198 gatiae,
1055 3113 1141 3198 quod
1161 3115 1228 3199 pie-

272 3215 349 3278 tatis
373 3222 431 3295 est,
455 3216 598 3300 experiri.
645 3217 805 3302 Optamus
829 3224 868 3282 ut
892 3239 969 3302 erga
992 3239 1068 3283 eum
1091 3239 1152 3282 ror
1174 3218 1230 3282 illa

273 3318 406 3382 Domini
427 3320 635 3386 convalescat.
682 3321 809 3400 “Eum,
832 3322 887 3406 qui
908 3322 997 3386 venit
1016 3322 1056 3386 ad
1076 3342 1139 3400 me,
1162 3343 1229 3386 non

273 3421 397 3504 ejiciam
417 3422 535 3502 foras,”
555 3429 594 3487 ut
617 3423 672 3508 qui
695 3425 796 3489 currit
818 3433 891 3509 post
913 3425 1061 3509 gratiam,
1085 3445 1228 3508 compre·

273 3521 394 3586 hendat
415 3523 562 3608 gratiam,
578 3529 611 3589 et
627 3525 682 3609 qui
696 3526 830 3591 festinat
845 3525 886 3591 ad
900 3534 1036 3612 patrem,
1052 3533 1177 3610 patrem
1192 3547 1227 3590 se

274 3627 411 3709 gaudeat
426 3627 595 3692 invenisse.
619 3629 850 3694 Accendantar
861 3631 998 3695 virtutes
1012 3650 1120 3694 amore
1132 3651 1229 3714 quam

272 3729 412 3812 plurimi,
427 3751 527 3813 quum
548 3730 751 3797 honestatem
775 3733 936 3816 condigne
957 3733 1121 3797 munerari
1141 3733 1228 3798 vide-

272 3831 338 3896 rint
359 3833 445 3916 apud
458 3855 523 3913 vos,
540 3841 573 3899 et
587 3835 699 3900 virtuti
720 3859 812 3901 suam
832 3858 894 3901 nec
912 3837 1018 3902 minui
1037 3859 1098 3902 nec
1117 3837 1228 3904 deesse

273 3934 462 3999 mercedem.
495 3935 670 4002 conservet
684 3959 740 4004 voa
754 3939 790 4003 in
804 3940 905 4025 longa
916 3947 1073 4026 tempora,
1089 3942 1145 4026 qui
1160 3965 1228 4008 non
1321 4017 1329 4027 ,

224 4059 226 4063 ·
273 4034 401 4118 dormit,
416 4044 525 4104 custos
540 4039 652 4104 Israel.
