3225 5192
426 667 490 730 288
735 687 899 732 orussnrr
917 687 1067 732 ariscoiu

447 1021 666 1086 EPIS'POLA
689 1020 931 1085 ostova—sn
947 1039 1211 1084 surrnsosnros
1228 1041 1356 1085 cauru-

721 1143 881 1187 sarnnsis
897 1143 1076 1186 accersias.

426 1277 464 1338 G.
481 1275 531 1338 dei
542 1275 650 1358 pratia
661 1274 885 1338 Maiensis
898 1275 1067 1355 epscopus,
1079 1275 1231 1339 owardo
1245 1275 1379 1336 ecclesie
1464 1303 1468 1310 ·

469 1378 701 1442 Comuorieneia
721 1377 930 1460 suffropaaeis
950 1378 1082 1440 salutm
1102 1381 1134 1439 et
1155 1377 1290 1440 deditam
1302 1376 1378 1458 sra-

467 1487 561 1544 tcmae
576 1483 720 1544 caritatis
734 1481 918 1569 obsequium.

467 1633 646 1696 Paevasir
661 1632 703 1696 ad
716 1640 842 1716 patrem
855 1639 1004 1696 nostrum
1019 1630 1188 1695 dominum
1203 1631 1374 1696 Cantuari·

422 1756 532 1800 eusem
554 1735 837 1819 archiepiscopum,
852 1755 916 1813 eos,
932 1755 1012 1818 quos
1027 1735 1202 1798 necessitas
1215 1756 1274 1818 pro
1287 1756 1375 1798 oom-

422 1839 540 1924 pendio
558 1839 758 1924 poeniteutiae
772 1839 822 1902 vel
836 1859 940 1902 causoe
955 1838 1098 1902 remedio
1112 1846 1169 1902 aut
1184 1837 1374 1902 visitationis

423 1943 532 2008 debito
547 1943 710 2027 compellit
730 1941 771 2006 ad
791 1941 960 2006 dominum
979 1962 1097 2025 papam
1110 1941 1173 2005 iter
1187 1941 1327 2024 arripere
1340 1942 1376 2004 in

422 2067 523 2129 regno
536 2046 607 2124 hoc,
623 2045 796 2110 abitinere
816 2065 875 2108 suo
894 2044 1072 2128 praepediri,
1088 2044 1228 2127 spoliari,
1243 2043 1375 2110 tractui

422 2149 571 2227 atrocius,
596 2155 629 2212 et
655 2169 675 2211 a
700 2148 965 2212 transfretatione
990 2146 1163 2231 prohiberi,
1185 2147 1236 2210 vel
1258 2146 1299 2210 ab
1322 2143 1375 2210 his

421 2252 475 2334 qui
500 2251 682 2315 occasiones
705 2259 856 2333 quierunt
879 2259 918 2314 ut
940 2250 1062 2314 iaciant
1083 2250 1179 2327 mala
1198 2249 1250 2312 vel
1271 2249 1375 2313 coacti

419 2353 531 2417 illicita
545 2353 585 2417 de
600 2353 833 2437 prepediendis
848 2354 971 2418 clericis
984 2353 1035 2418 vel
1048 2353 1282 2436 poenitentibus
1294 2373 1374 2437 prte-

420 2457 574 2521 stiterunt
594 2465 803 2522 sacramenta
850 2456 949 2522 Unde
968 2455 1062 2522 nobis
1081 2455 1232 2520 omnibus
1246 2464 1373 2538 aposto·

419 2559 482 2624 lica
501 2562 692 2626 auctoritate
711 2561 747 2624 in
766 2561 886 2624 virtute
905 2559 1097 2625 obedientiae
1119 2567 1153 2623 et
1174 2559 1211 2622 in
1231 2559 1373 2642 pericrdo

419 2663 541 2727 ordinis
561 2663 664 2728 nostri
683 2663 836 2746 injungit,
853 2663 1006 2747 quatinus
1025 2663 1088 2726 hoc
1107 2661 1148 2726 de
1168 2668 1286 2726 caetero
1304 2661 1372 2724 fieri

419 2765 633 2846 inhibeamus,
646 2773 679 2830 et
692 2767 728 2829 in
743 2788 807 2844 eos,
820 2767 875 2849 qui
889 2766 924 2829 in
939 2765 1071 2830 elericos
1081 2765 1242 2828 -riolentas
1257 2785 1372 2828 manus

418 2871 578 2956 injiciunt,
602 2871 658 2955 qui
683 2870 890 2954 appellantes,
913 2869 964 2933 vel
986 2869 1181 2953 prenitentes
1204 2867 1248 2932 ad
1270 2866 1371 2932 domi-

419 2997 499 3038 num
525 2995 651 3058 papam,
676 2973 725 3038 vel
751 2973 792 3037 ad
817 2973 925 3056 ipsum
953 2972 1136 3050 tendentes,
1160 2970 1211 3034 vel
1236 2970 1371 3054 abipso

417 3076 590 3140 redeuntes
619 3074 811 3158 impediunt,
837 3073 964 3157 publice
992 3071 1286 3137 excommunicatos
1315 3071 1370 3135 de·

419 3179 620 3256 nunciemus,
645 3184 678 3242 et
708 3199 764 3260 per
794 3178 995 3260 episcopatus
1024 3182 1151 3239 nostros
1179 3173 1370 3238 denunciari

417 3279 583 3358 iaciamus,
598 3286 667 3344 tam
681 3280 835 3344 iacientes
849 3280 911 3343 hoc
925 3299 1023 3363 quam
1037 3279 1099 3343 hoc
1113 3279 1217 3342 faeere
1232 3277 1368 3360 compel-

418 3384 531 3448 lentes.
577 3382 673 3448 Quod
694 3383 770 3466 quia
789 3382 1047 3447 nobis'districte
1066 3381 1258 3465 injungitur,
1277 3401 1369 3443 man-

418 3487 494 3550 dare
517 3485 605 3550 vobis
631 3493 664 3550 et
690 3485 885 3550 denunciare
907 3486 1098 3564 curavimus,
1120 3492 1159 3548 ut
1183 3482 1369 3547 mandantis

417 3588 552 3670 imperio
580 3598 676 3672 prout
701 3589 828 3673 justum
857 3597 906 3653 est
936 3610 1114 3673 pareamus.
1166 3587 1284 3652 Valere
1312 3607 1368 3650 vos

417 3697 566 3774 optamus
580 3691 615 3755 in
631 3690 780 3755 Domino.
