3225 5192
260 700 327 741 an.
345 678 543 761 1148-61.]
596 698 1088 745 nnanroanrunmssmsromn.
1153 684 1216 746 109

260 812 336 895 gari,
362 813 418 896 qui
441 812 522 877 mihi
547 833 697 897 prospera
721 814 770 877 vel
793 814 925 880 adversa
948 816 1140 895 nuntiando,
1163 818 1214 881 vel

260 914 299 979 de
313 914 453 981 adversis
467 915 594 979 tristem
608 916 766 995 redderet,
781 918 832 981 vel
847 918 888 981 de
907 919 989 982 laetis
1009 920 1211 985 exhilararet.

260 1018 345 1081 Nam
361 1018 388 1083 si
404 1040 442 1083 ea
457 1018 599 1083 caritatis
614 1027 663 1083 est
678 1020 856 1103 plenitudo,
871 1031 909 1086 ut
931 1023 1120 1087 cumfratre
1136 1045 1213 1106 quo-

259 1120 337 1185 libet
359 1122 547 1185 infirmante
572 1122 737 1201 infirmari,
762 1124 813 1188 vel
837 1146 936 1208 quum
961 1125 1032 1208 quis
1055 1127 1212 1191 scandali-

261 1232 349 1288 zatur
370 1225 423 1288 uri
447 1232 602 1308 oporteat,
623 1247 723 1309 quum
743 1233 869 1310 patrem
888 1236 1038 1293 nostrum
1058 1236 1091 1294 et
1111 1229 1212 1294 domi-

259 1322 348 1405 num',
362 1326 463 1390 immo
485 1334 633 1391 nostrum
654 1328 690 1391 in
712 1329 842 1394 Christo
863 1337 960 1415 caput
982 1333 1121 1411 concuti,
1139 1333 1212 1396 fati-

261 1429 336 1513 gari,
365 1429 491 1493 turbari
523 1430 694 1509 cernimus,
726 1432 803 1515 quid
826 1434 895 1517 jam
924 1441 1025 1499 restat
1054 1435 1116 1498 nisi
1145 1457 1213 1499 non

260 1541 387 1597 tantum
401 1532 559 1597 infirmari
574 1540 631 1598 aut
645 1534 706 1613 uri,
722 1556 835 1599 verum
854 1535 944 1600 intus
958 1537 1067 1601 intimi
1083 1538 1213 1601 flamma

262 1638 320 1701 aeli
333 1637 521 1701 medullitus
536 1638 733 1701 concremari
743 1638 768 1703 l'
803 1639 839 1702 Si
853 1639 963 1723 itaque
981 1641 1128 1705 nondum
1144 1664 1212 1706 sur-

260 1740 340 1803 rexit
356 1740 515 1802 Dominus
535 1747 573 1803 ut
588 1740 693 1805 ventis
709 1740 846 1824 imperet
866 1751 900 1806 et
917 1744 1008 1822 mari,
1024 1744 1051 1807 si
1072 1745 1212 1826 procella

205 1921 208 1928 Ι
260 1848 364 1907 vestro
376 1842 524 1906 nondum
537 1842 573 1905 in
588 1864 701 1907 auram
715 1851 839 1908 statuta
851 1851 911 1923 est,
927 1868 1053 1911 summo
1072 1854 1111 1911 ut
1129 1847 1211 1912 mihi

260 1944 385 2009 videtur
413 1966 508 2029 opere
537 1946 752 2011 necessarium
781 1954 840 2024 est,
870 1955 910 2011 ut
939 1970 1065 2013 sacrum
1097 1956 1210 2035 pectus

260 2055 398 2113 vestrum
422 2048 527 2112 omnis
547 2055 711 2113 armatura
732 2049 866 2114 fortium
891 2052 1028 2129 muniat,
1052 2058 1086 2116 et
1107 2052 1209 2117 hostis

262 2157 382 2235 quanto
410 2150 550 2234 insurgit
580 2152 690 2229 acrior,
718 2174 756 2217 eo
778 2173 835 2217 vos
864 2153 1017 2217 acriorem
1046 2162 1080 2219 et
1106 2156 1210 2221 sancti

262 2256 389 2339 spiritns
417 2255 643 2320 ferventiorem
672 2255 787 2338 igneus
817 2256 969 2322 inveniat.
1015 2257 1094 2321 Non
1124 2256 1211 2323 enim

261 2380 378 2424 novum
400 2366 449 2423 est
472 2366 529 2423 aut
549 2359 716 2423 insolitum
734 2360 904 2444 AEgyptios
926 2362 1037 2439 Israel,
1053 2362 1211 2427 Chaldeos

263 2463 440 2527 Jerusalem
454 2462 615 2526 infestare.
647 2463 704 2526 Ait
720 2463 868 2527 Christus
879 2466 914 2527 in
929 2465 1094 2548 Apostolo,
1113 2466 1210 2529 ‘Om-

262 2588 319 2630 nes
343 2566 398 2649 qui
416 2566 529 2630 volunt
546 2566 599 2649 pie
618 2566 653 2629 in
674 2566 803 2631 Christo
822 2569 936 2646 vivere,
955 2570 1211 2652 persecutionem

261 2670 448 2753 patientur?
493 2669 558 2733 Sed
582 2690 639 2752 per
662 2671 801 2735 eundem
827 2672 896 2755 ipse
918 2672 1071 2755 loquitur,
1096 2672 1211 2737 ‘Quod

262 2774 328 2837 leve
362 2778 412 2837 est
447 2779 503 2836 aut
539 2779 803 2837 momentaneum
838 2773 1056 2839 tribulationis
1093 2782 1212 2840 nostrae

263 2897 358 2960 supra
386 2876 517 2939 modum
548 2884 677 2940 aeternae
706 2876 816 2959 gloriae
844 2878 971 2961 pondus
1001 2885 1152 2961 operatur
1177 2879 1212 2941 in

262 2978 373 3043 uobis?
432 2978 691 3042 Persecutionem
719 2979 857 3063 patienti
885 2988 1015 3063 propter
1039 2981 1211 3063 justitiam,

262 3103 327 3145 non
342 3082 410 3145 l'eve
426 3081 555 3164 aliquid,
572 3081 628 3145 sed
642 3102 780 3165 regnum
796 3083 947 3147 caelorum
966 3084 1210 3167 repromittitur.

263 3185 422 3249 Amicitur
437 3184 548 3247 Helias
567 3184 673 3267 palli0,
693 3185 772 3248 dum
791 3187 1053 3268 persequentium
1073 3186 1212 3252 declinat

262 3288 393 3365 rabiem,
409 3294 442 3351 et
462 3294 551 3351 stans
573 3288 608 3351 in
628 3288 781 3371 spelunca
799 3288 911 3367 hostis,
927 3289 1063 3372 gloriam
1078 3290 1211 3355 Domini

261 3395 451 3477 speculatur.
495 3392 596 3457 Vobis
612 3414 739 3476 quoque
753 3414 872 3457 corona
888 3394 998 3476 gloriae
1017 3395 1211 3477 repromitti-

261 3506 324 3575 tur,
340 3518 436 3580 quam
451 3496 563 3563 reddet
578 3496 666 3560 vobis
680 3496 714 3559 in
730 3497 786 3560 illa
805 3497 857 3559 die
868 3498 976 3581 justus
987 3498 1097 3581 judex.
1143 3498 1210 3561 lm-

262 3600 385 3682 patiens
413 3599 478 3663 mei
505 3598 610 3662 factus
639 3620 721 3677 sum,
752 3599 937 3664 desiderans
965 3599 1072 3663 videre
1097 3622 1151 3664 vos
1177 3608 1210 3664 et

262 3702 388 3785 alloqui,
411 3702 462 3765 vel
483 3701 605 3784 aliquid
628 3701 739 3765 audire
759 3724 779 3765 a
799 3701 897 3779 vobis,
919 3724 984 3785 quo
1007 3702 1047 3767 de
1066 3702 1117 3766 his
1140 3724 1211 3786 quae

260 3806 343 3869 enea
356 3826 411 3869 vos
426 3810 503 3869 sunt
518 3805 634 3869 certior
648 3806 798 3869 efficerer.
836 3806 946 3870 Parati
961 3812 1037 3869 sunt
1052 3806 1209 3889 principes

261 3908 371 3987 nostri,
386 3915 503 3992 praesto
518 3915 595 3971 sunt
610 3914 642 3972 et
658 3909 804 3973 ecclesiae
813 3916 932 3973 nostrae
945 3930 1011 3987 vos,
1027 3910 1054 3973 si
1069 3910 1114 3973 sic
1129 3931 1208 3993 opus

260 4019 317 4091 est,
328 4032 394 4077 non
407 4013 511 4077 solum
522 4012 691 4095 suscipere,
703 4013 760 4077 sed
771 4019 804 4076 et
817 4014 854 4076 in
864 4012 1028 4096 amplexus
1039 4012 1127 4076 vobis
1139 4034 1210 4094 gra-

260 4123 368 4181 tanter
388 4138 563 4195 occurrere,
583 4121 617 4180 et
638 4116 679 4180 de
701 4116 767 4180 suis
789 4116 941 4200 quicquid
961 4116 1128 4199 potuerint
1149 4114 1209 4176 mi-

259 4220 403 4283 nistrare.
435 4218 565 4284 Nollem
580 4226 692 4283 tamen
706 4219 776 4297 hoc,
793 4219 849 4283 sed
863 4220 891 4283 si
904 4240 1034 4282 necesse
1048 4225 1097 4282 est
1112 4216 1209 4280 bene-

258 4326 344 4389 volos
368 4331 401 4387 et
424 4324 467 4387 ad
490 4322 599 4387 omnia
621 4328 749 4405 paratos
773 4322 942 4386 habebitis.
989 4320 1140 4395 Obsecro,
1161 4317 1209 4380 di-
