3225 5192
585 1446 882 1540 EPISTOLAE

391 1821 394 1827 7
487 1721 737 1789 GILBDR'DI
774 1723 973 1792 FOLIO'P.

663 2013 794 2032 h——n-

275 2296 500 2364 EPISTOLA
522 2299 642 2366 I.-an
657 2322 689 2368 a.
706 2321 991 2370 canusinum!
1007 2327 1182 2374 annisus.

253 2482 426 2546 Omissimo
432 2481 538 2566 fratri
551 2504 606 2549 soso
620 2486 660 2549 B.
675 2487 878 2554 oensem
891 2489 957 2555 Dei
967 2493 1076 2574 oratic
1090 2495 1206 2575 abbati,

287 2584 397 2667 frater
418 2586 457 2650 G.
481 2588 659 2652 Glocestaeioe
680 2590 782 2654 dictus
804 2591 910 2673 adduc,
937 2596 1154 2662 consolationis
1175 2603 1208 2662 et

296 2690 418 2753 masidi
431 2691 546 2772 spis-itu
559 2712 679 2776 suuper
691 2691 832 2776 refooesi.

263 2839 560 3170 &ossum
574 2886 713 2944 vestram
731 2879 896 2964 plangitis,
911 2884 946 2944 θῒ
965 2877 1137 2966 defflmffi
1156 2882 1207 2961 Ψ
1260 2965 1269 2979 .

414 2983 591 3062 commoda,
607 3004 679 3068 quoe
693 2990 727 3046 et
740 2981 802 3068 ipsi
817 2981 886 3068 pari
900 2983 1056 3048 moestitia
1073 2983 1207 3069 plange·

412 3107 531 3166 remus,
546 3085 610 3150 nisi
623 3084 718 3150 bonis
733 3085 843 3150 omnia
853 3085 1015 3170 cooperari
1029 3087 1066 3152 in
1080 3087 1207 3153 bonnm

254 3193 325 3276 ipso
350 3188 484 3255 Domini
509 3187 625 3273 spiritu
651 3187 847 3252 doceremur.
894 3188 960 3253 Sed
981 3189 1058 3274 quia
1081 3199 1207 3256 certum

253 3292 351 3358 nobis
365 3299 424 3372 est,
441 3289 593 3376 quoniam
612 3290 663 3354 his
683 3290 739 3376 qui
758 3312 797 3355 ex
816 3292 979 3375 proposito
992 3299 1148 3358 vocantur
1165 3293 1207 3358 sd

254 3395 364 3476 vitam,
377 3395 451 3460 ideo
464 3395 502 3459 in
515 3393 665 3459 omnibus
681 3416 752 3480 quae
767 3394 808 3458 de
822 3416 923 3460 manu
937 3395 1069 3460 Domini
1091 3396 1207 3480 accipi-

253 3519 339 3576 mus,
354 3497 532 3582 gaudemus
542 3495 580 3561 'et
595 3497 714 3581 gratias
736 3497 872 3581 agimus,
887 3496 1092 3562 attendentes
1105 3497 1141 3562 in
1155 3498 1207 3562 his

255 3621 328 3684 quae
341 3619 493 3684 prospero
506 3605 584 3662 sunt
597 3598 787 3678 bonitatem,
799 3599 835 3664 in
846 3599 984 3664 adversis
995 3598 1206 3686 disciplinam,

253 3703 291 3766 in
318 3702 465 3785 utrisque
494 3701 670 3782 scientiam,
692 3701 846 3785 quonism
874 3701 1017 3784 flagellat
1046 3702 1206 3768 Dominus

255 3828 386 3871 omnem
404 3806 509 3870 filium
529 3826 625 3889 quem
646 3804 770 3889 recipit,
790 3811 824 3868 et
846 3803 952 3869 bonus
974 3811 1067 3890 pater
1088 3805 1116 3869 si
1136 3827 1205 3869 non

254 3911 345 3993 virga
364 3909 474 3974 visitat
493 3909 680 3992 iniquitates
701 3907 737 3970 in
759 3907 819 3986 ira,
840 3913 951 3971 tamen
970 3908 1204 3973 misericordias

253 4033 323 4076 non
351 4010 541 4076 continebit.
586 4009 684 4074 Unde
713 4011 740 4074 si
768 4008 856 4074 inter
884 4008 1034 4073 incudem
1063 4017 1097 4074 et
1125 4011 1206 4075 mal-

254 4115 343 4179 leum
358 4112 523 4198 gemuistis
542 4113 709 4192 hactenus,
725 4113 865 4196 gemitus
878 4111 939 4176 iste
953 4111 1042 4180 vobis
1064 4113 1125 4176 erit
1147 4135 1206 4196 pro

255 4226 363 4300 cantu,
376 4239 477 4304 quum
491 4223 647 4301 tanquam
657 4236 713 4280 vos
727 4215 887 4280 mundum
901 4215 937 4278 in
952 4235 1080 4279 omnem
1091 4215 1205 4296 volun·

254 4327 356 4386 tatem
371 4320 491 4409 opificis
506 4317 626 4387 summi
638 4319 814 4384 formatum
828 4339 907 4383 auro
921 4317 1031 4402 purior
1045 4315 1131 4400 quod
1147 4335 1205 4398 per

699 4423 757 4486 ³2
