3225 5192
272 735 338 780 nn.
355 713 556 798 1189-48.]
605 731 1010 781 emortuarum.
1178 717 1223 784 2⁷

271 849 1223 939 Gadinstivearatri,sedetiumeuontbinoregladii

270 955 402 1022 feristis.
438 955 519 1020 Non
532 953 704 1020 bebetetur
717 954 753 1019 in
766 975 869 1020 mann
880 962 988 1021 rutra
1001 958 1128 1041 gladius
1141 961 1222 1045 ejus,

272 1063 327 1148 qui
337 1061 434 1147 juxta
446 1059 637 1145 prophetam
650 1065 805 1126 exacutus
818 1066 880 1141 est,
894 1067 935 1126 ut
946 1062 1114 1146 splendent
1130 1064 1223 1130 lma·

270 1171 324 1231 tua
337 1171 400 1230 est.
426 1163 529 1228 Vobis
541 1163 687 1247 undique
700 1162 830 1228 virtutis
843 1163 983 1229 ooourrit
994 1167 1129 1234 westie.
1159 1169 1223 1234 Re·

270 1265 414 1351 frigescit
427 1267 555 1346 caritas,
568 1265 778 1350 refrigescent
792 1265 955 1332 seandala.
998 1267 1054 1334 Ad
1072 1289 1129 1338 vos
1149 1276 1223 1336 tan-

272 1391 370 1454 quam
404 1369 527 1434 ultores
563 1367 718 1433 seelenun
752 1368 899 1453 undique
927 1368 1045 1435 elamet
1080 1372 1223 1440 aeclesia.

272 1475 447 1538 Exseratm
474 1471 584 1557 itaque
611 1493 765 1556 rogamus
787 1493 894 1538 sermo
916 1473 980 1538 Dei
1001 1473 1056 1538 ille
1080 1474 1168 1540 vivus
1189 1482 1225 1540 et
1346 1529 1357 1547 .

272 1577 393 1655 effieax,
422 1575 610 1660 pertingens
637 1595 740 1658 usque
769 1574 812 1640 ad
839 1574 1028 1640 divisionem
1050 1577 1167 1645 mima
1186 1598 1225 1643 ae

272 1679 415 1765 spiritns,
437 1678 643 1763 oompagium
666 1699 795 1763 quoque
817 1699 856 1744 ae
876 1678 1102 1761 medullarum,
1124 1687 1164 1746 ut
1188 1681 1225 1747 in

132 1859 135 1864 ,
273 1783 417 1853 sonnino
430 1781 487 1847 illo
500 1803 622 1866 magno
637 1782 740 1866 gloria
753 1782 796 1846 sit
810 1782 911 1862 vobio,
926 1803 1034 1848 eoram
1047 1784 1145 1852 simul
1155 1765 1224 1849 dis.

271 1884 510 1965 eambentibus,
534 1886 720 1970 opposuisse
743 1905 800 1950 vos
824 1907 956 1950 murum
976 1907 1036 1970 pro
1056 1885 1153 1954 domo
1174 1887 1223 1952 Is·

270 1989 339 2086 rael
358 1995 392 2054 et
412 1991 489 2074 ejus.
500 1989 636 2076 iujurias
654 1989 706 2054 vel
723 1989 878 2076 repulisse
892 1989 1026 2056 viriliter
1043 1997 1103 2056 aut
1120 1990 1224 2058 vindi·

273 2113 371 2159 casse.
405 2093 531 2158 anete.

324 2407 547 2474 EPIS'POLA
569 2407 736 2476 XV.-sn
753 2429 783 2474 s.
800 2430 980 2475 crassus
996 2432 1170 2478 sanarum.

274 2566 399 2630 Dilecto
412 2565 519 2647 fratri
538 2584 594 2628 auo
604 2564 740 2646 filioque
761 2565 922 2629 wesema
935 2567 975 2630 B.
994 2567 1142 2630 Cerneliae
1162 2567 1228 2631 Dei

313 2670 424 2752 pratia
452 2667 568 2747 abbati,
588 2667 700 2750 frater
725 2667 763 2732 G.
791 2668 968 2732 Gloeeatriae
993 2669 1095 2734 dietate
1119 2669 1225 2749 abbae,

203 2790 207 2798 ·
315 2775 451 2838 vestm
465 2791 557 2854 apere
571 2777 602 2838 et
617 2769 789 2854 morteri
802 2773 837 2836 ia
850 2771 993 2838 Domino.

316 2927 404 2992 Vrnr
424 2925 502 2991 boui
521 2930 570 2990 est
589 2944 657 2989 uon
676 2923 784 2989 extolli
804 2923 963 3008 prosperis
976 2943 1038 2987 nee
1050 2923 1226 2989 ineommo—

274 3029 323 3096 dis
344 3028 461 3114 frangi.
507 3028 579 3094 Hoe
601 3027 732 3112 quidem
753 3027 822 3111 ipse
843 3027 948 3091 nosti:
970 3027 1056 3092 haue
1076 3027 1146 3110 ipse
1165 3027 1227 3093 tibi

274 3134 412 3198 formam
423 3131 569 3196 induisti.
610 3131 710 3196 Unde
725 3151 801 3214 ergo
816 3152 860 3195 ue
873 3137 1004 3215 propter
1017 3131 1153 3216 aboujus
1166 3130 1227 3196 mi-

274 3257 343 3315 nas,
357 3235 409 3300 vel
420 3241 552 3319 propter
565 3233 743 3298 instantem
765 3239 799 3298 et
819 3241 992 3317 urgentem
1005 3234 1148 3319 inopiam
1161 3237 1228 3300 cito

274 3337 433 3417 terrearis,
448 3343 506 3402 ant
520 3335 561 3401 de
575 3342 633 3401 tuo
648 3355 746 3401 sensu
759 3337 925 3401 movearis.
968 3337 1003 3401 Si
1017 3339 1157 3421 procella
1168 3339 1227 3402 ali-

275 3462 339 3526 qua
353 3439 503 3505 adversm
517 3445 551 3504 te
566 3438 749 3518 surrexerit,
760 3438 861 3503 flante
876 3440 997 3504 Sancto
1013 3441 1147 3525 Spiritu,
1161 3441 1227 3506 eito

275 3549 436 3608 statuebrr
452 3543 488 3607 iu
507 3562 620 3606 auram
638 3548 673 3606 et
692 3539 834 3606 silebunt
847 3542 966 3607 fluetus
980 3544 1060 3628 ejus.
1106 3543 1142 3607 Si
1156 3565 1227 3627 pre·

274 3647 335 3710 mit
348 3645 468 3730 inopia,
482 3645 519 3708 in
532 3644 649 3709 timore
667 3643 721 3728 pio
741 3663 870 3728 semper
887 3643 1017 3710 obedies
1036 3646 1177 3710 Domino
1193 3651 1228 3712 et

274 3749 343 3833 ipse
372 3769 440 3813 non
469 3747 671 3832 derelinquet
700 3753 866 3832 sperantes
892 3747 929 3812 in
958 3769 1003 3813 se.
1058 3749 1228 3814 Memento

275 3873 373 3936 quam
397 3849 584 3936 simpliciter
605 3850 839 3916 ambulaveris:
863 3857 1028 3916 memento
1048 3850 1134 3935 quod
1159 3873 1228 3918 non
1302 3927 1305 3932 ,

275 3953 445 4039 cupiditati
460 3953 516 4018 sed
530 3953 590 4018 soli
605 3952 796 4018 obedientia
810 3958 844 4017 et
853 3952 982 4018 veritati
992 3960 1051 4018 tua
1059 3955 1131 4019 vela
1140 3975 1227 4019 eom·

275 4055 408 4122 miseris
455 4055 550 4121 Habe
565 4077 673 4122 eorum
687 4055 787 4120 oeulis
803 4056 889 4141 quod
909 4055 961 4120 oui
980 4056 1101 4121 militas
1116 4045 1227 4122 obedi-

276 4160 397 4224 entiam
411 4181 478 4243 prae
492 4162 582 4224 omni
597 4163 740 4243 aeoeptat
753 4158 951 4224 holocausto.
995 4159 1138 4223 Ambula
1151 4159 1227 4222 aim·

276 4262 402 4346 pliciter
422 4269 456 4327 et
477 4261 539 4327 ibis
560 4262 768 4328 confidenter.
814 4261 1033 4328 (llumabimus
1054 4281 1166 4326 omnes
1185 4261 1227 4325 ad

277 4365 465 4447 Dominum,
481 4373 514 4432 et
532 4367 601 4451 ipse
622 4365 743 4452 aperiet
762 4387 897 4431 manum
916 4387 1009 4431 suam
1028 4374 1061 4430 et
1080 4362 1228 4447 implebit
