3225 5192
265 700 332 748 mn.
351 678 549 760 uel-sa]
601 698 1044 742 sonnoaraasrsarrsroan.
1139 681 1219 781 Ι363

264 821 395 898 tamque
410 813 470 878 sibi
486 812 698 877 reverentiam
714 812 905 893 exhibendo,
921 815 1118 899 paucitatem
1133 816 1219 881 banc

265 917 391 981 dierum
412 916 580 980 nobiscum
595 915 699 978 velitis
721 915 755 978 in
777 937 857 999 pace
875 924 908 981 et
926 917 1069 980 caritatis
1091 917 1219 982 unitate

264 1020 451 1104 transigere,
478 1025 591 1083 sancta
617 1019 756 1103 quadam
783 1021 884 1084 animi
912 1021 1082 1085 nobilitate
1108 1020 1220 1102 dedig-

265 1133 390 1202 nantes,
415 1123 456 1187 ob
478 1131 636 1207 quaestum
661 1123 824 1188 modicum
844 1129 878 1187 et
900 1123 1076 1207 ignobilem
1095 1145 1116 1188 a
1133 1123 1220 1188 bono

267 1227 363 1310 pacis,
380 1226 465 1310 quod
487 1227 572 1290 inter
591 1226 775 1292 commissas
795 1227 889 1292 nobis
909 1228 1056 1292 ecclesias
1078 1248 1220 1311 perseve-

265 1330 347 1394 ravit
358 1331 525 1407 hactenus,
537 1329 772 1394 inconsiderata
783 1330 924 1414 quadam
934 1331 1035 1395 animi
1045 1351 1220 1416 presump-

265 1433 354 1497 tione
369 1433 501 1496 resilire.
547 1431 724 1496 Ecclesiam
741 1433 859 1517 quippe
878 1439 999 1498 sancta
1013 1433 1219 1516 Margaretae,

267 1557 363 1618 super
388 1557 452 1620 qua
474 1555 586 1599 recens
609 1535 678 1598 haec
703 1541 752 1598 est
776 1542 849 1600 orta
873 1535 1038 1616 dissentio,
1065 1558 1084 1600 a
1109 1537 1220 1620 primis

268 1637 333 1701 suis
344 1637 566 1704 fundamentis
576 1658 677 1720 usque
690 1638 731 1702 ad
742 1637 810 1701 dies
821 1639 879 1702 bos
890 1633 1045 1723 episcopis
1056 1639 1220 1704 Londoni·

268 1740 399 1805 ensibus
415 1748 447 1804 et
463 1761 575 1804 eorum
590 1739 822 1804 archidiaconis
838 1741 907 1806 sine
917 1742 1173 1810 contradictione
1187 1749 1221 1806 et
1294 1812 1299 1823 ,

268 1844 496 1908 reclamatione
515 1843 614 1907 fuisse
636 1842 816 1928 subJectam
838 1865 1017 1909 consonum
1039 1845 1138 1909 totius
1159 1867 1221 1910 un-

270 1944 366 2027 diquc
380 1945 506 2008 viciniae
520 1944 744 2009 testimonium
759 1945 888 2025 clamat,
905 1953 939 2011 et
957 1947 1042 2011 hanc
1056 1969 1132 2012 meo
1144 1968 1221 2032 quo·

270 2069 332 2131 que
347 2055 491 2132 tempore
511 2049 551 2111 lt.
567 2047 792 2113 archidiacono
812 2047 959 2114 debitum
976 2056 1010 2115 et
1030 2057 1220 2116 consuetum

267 2151 521 2216 cathedraticum
541 2151 709 2216 exsolvisse
727 2151 762 2214 in
779 2152 843 2216 illis
859 2152 927 2218 fere
946 2153 1091 2237 partibus
1111 2154 1222 2218 nullus

268 2255 407 2338 ignorat.
454 2254 490 2318 Si
504 2254 613 2337 itaque
633 2253 729 2318 matri
745 2263 861 2320 restra
875 2277 1001 2321 annuos
1016 2257 1060 2321 rii
1074 2256 1221 2321 subtrax-

268 2359 368 2436 eritis,
383 2359 419 2421 in
433 2358 560 2420 modico
574 2377 669 2439 grave
685 2357 746 2420 sibi
761 2356 899 2423 dedecus
917 2360 1071 2438 inferetis,
1087 2368 1121 2424 et
1136 2380 1222 2424 cmo-

269 2461 452 2524 lumentum
482 2457 646 2521 communi
675 2479 785 2522 mense
815 2467 902 2523 certe
935 2461 1156 2544 permodicum
1187 2461 1223 2524 in

270 2583 397 2626 summa
426 2560 552 2625 modica
580 2560 759 2624 conferetis.
815 2562 960 2627 Utilibus
989 2563 1089 2646 igitur
1114 2563 1222 2645 acqui·

270 2666 407 2730 escendo
429 2663 570 2744 monitis,
592 2685 701 2728 meum
723 2665 881 2730 sustinete
900 2666 928 2729 si
949 2667 1054 2750 placet
1074 2665 1134 2730 hac
1155 2663 1223 2730 ricc

271 2769 451 2848 consilium,
481 2774 519 2836 ut
548 2766 816 2852 appellationibus
850 2769 927 2834 hinc
960 2769 1037 2834 inde
1070 2769 1221 2848 remissis,

273 2873 388 2937 laxatis
404 2872 430 2936 si
447 2893 517 2955 quae
536 2871 620 2935 datae
639 2879 717 2934 sunt
738 2871 773 2934 in
794 2893 1029 2955 quemcumque
1044 2871 1223 2950 sententiis,

272 2984 466 3040 memoratos
485 2976 553 3059 jam
575 2995 726 3040 nummos
748 2975 972 3040 archidiacono
991 2976 1071 3040 solvi
1091 2975 1223 3059 permit·

272 3081 359 3158 tatis,
384 3086 417 3143 et
446 3079 482 3142 in
511 3099 549 3143 eo
576 3086 665 3142 statu
690 3100 754 3162 quo
779 3079 815 3141 iu
838 3079 980 3143 discessu
1000 3099 1073 3143 meo
1094 3078 1224 3142 merant
1330 3099 1340 3121 ·

272 3191 356 3247 stare
379 3189 497 3246 cuncta
521 3181 728 3270 permittatis,¹
747 3202 809 3246 nec
833 3181 875 3245 ob
904 3182 972 3246 leve
997 3180 1224 3265 compendium
1334 3210 1340 3225 ·

273 3307 292 3350 a
310 3285 422 3349 matris
437 3292 550 3348 vestrae
572 3284 676 3366 gratia
698 3284 878 3349 recedendo
900 3284 994 3348 dulce
1014 3283 1169 3367 reputetis
1191 3289 1225 3346 et

273 3387 430 3473 sapidum,
457 3385 544 3469 quod
571 3387 608 3450 in
636 3387 705 3470 ejus
730 3387 883 3469 injuriam
909 3394 1014 3451 restra
1043 3385 1104 3450 sibi
1126 3385 1225 3449 firerit

273 3491 482 3574 usurpatione
505 3489 683 3554 detentum.
730 3490 783 3554 Sic
805 3491 892 3554 inter
908 3511 968 3554 nos
989 3491 1127 3574 gratiam
1148 3510 1225 3553 con-

274 3595 381 3658 ciliare
396 3591 551 3678 poteritis,
564 3591 610 3654 sic
624 3591 665 3653 ad
677 3591 867 3675 obsequium
882 3609 934 3656 me
944 3598 1088 3655 vestrum
1098 3611 1226 3675 promp-

273 3706 345 3763 tum
360 3707 393 3762 et
407 3703 557 3782 paratum
572 3694 741 3774 habebitis,
753 3697 797 3760 sic
812 3695 854 3760 ob
869 3695 1105 3780 depressionem
1120 3716 1227 3760 meam

275 3823 329 3866 vos
345 3801 386 3865 ad
401 3799 540 3864 ccclesia
553 3799 634 3862 mihi
649 3799 827 3862 commissa
840 3800 1076 3883 depressionem
1092 3799 1227 3862 minime

273 3904 455 3989 prosiluisse
480 3903 551 3986 ipsa
572 3903 670 3967 vestri
696 3903 800 3984 operis
830 3903 991 3967 evidentia
1015 3904 1088 3966 luce
1109 3902 1226 3966 clarius

275 4008 462 4074 ostendetis.
509 4005 634 4070 Sufficit
649 4005 714 4070 diei
729 4006 853 4069 malitia
867 4027 935 4070 sna.
975 4007 1061 4070 Satis
1075 4009 1227 4069 oneratus

276 4135 349 4177 sum
371 4134 410 4176 ea
432 4131 503 4196 quae
524 4131 575 4174 me
598 4109 714 4192 premit
732 4109 859 4191 injuria.
907 4109 942 4173 Si
961 4109 1063 4173 dolori
1085 4107 1228 4172 dolorem
1314 4108 1321 4119 '

275 4216 402 4299 injuriae
416 4215 568 4296 injuriam
584 4211 780 4288 addideritis,
797 4234 850 4275 vos
866 4233 938 4276 meo
953 4232 1067 4295 parum
1089 4210 1229 4294 compati

276 4319 454 4384 infortunio
481 4317 561 4382 nulli
588 4314 721 4380 dubium
748 4315 945 4397 relinquetis.
999 4315 1042 4378 In
1070 4321 1229 4396 quantum
