3225 5192
369 694 430 757 164
686 709 844 755 omnnem
859 708 1002 753 nmscom

364 827 541 893 Theobsldi
555 826 762 911 inspeximus,
779 824 896 909 quibus
911 825 1077 890 ecclesium
1092 825 1177 890 hunc
1191 826 1227 889 in
1241 848 1322 911 prae-

365 932 506 997 bendam
522 931 582 995 sibi
597 929 745 995 collatum
764 928 863 992 fuisse
879 936 956 992 unte
970 928 1223 993 transactionem
1237 928 1323 993 inter

366 1036 571 1099 Cestrensem
595 1042 628 1098 ct
643 1033 895 1097 coventrensem
916 1032 1093 1111 ecclesium,
1108 1054 1167 1116 per
1188 1054 1322 1097 manum

366 1145 486 1204 ssuctae
500 1137 663 1202 memoriae
679 1157 770 1220 papae
785 1135 925 1218 Eugenii
942 1136 1056 1198 initum
1073 1158 1130 1220 pro
1145 1143 1233 1200 certo
1248 1157 1321 1219 cog·

365 1242 523 1306 novimus.
561 1241 678 1304 Valeat
692 1240 728 1303 in
743 1238 876 1303 domino
891 1240 1046 1303 sanctitas
1060 1247 1177 1317 vestra,
1193 1238 1322 1303 domine

366 1352 469 1427 puter.

385 1731 606 1798 EPISTOLA
629 1731 859 1797 cxxv-sn
876 1752 1115 1797 rssocnmsos
1132 1753 1307 1799 nnusrou-

679 1856 816 1899 orsnsrs
832 1855 1012 1899 nccnnsrm.

369 2003 527 2068 Gilbcrtus
540 2004 602 2065 Dei
621 2002 730 2084 pretio
744 2001 996 2084 Hmfordiensis
1016 2004 1185 2085 episcopus,
1201 2003 1324 2065 dilectis

408 2106 469 2169 sibi
490 2107 524 2169 in
538 2106 671 2168 Domino
685 2106 838 2168 universis
852 2105 984 2187 &cedem
1001 2108 1135 2169 ecclesie
1151 2107 1322 2187 parocbia-

409 2209 459 2271 m's
473 2214 504 2271 et
511 2207 601 2288 filiis,
618 2208 758 2283 salutes,
771 2209 921 2289 pretium,
937 2214 967 2271 ct
983 2208 1228 2272 benedictionem.

411 2375 511 2441 Quon
534 2397 554 2439 u
574 2374 806 2458 praedecessore
828 2382 939 2439 nostro
961 2375 1055 2439 bonu
1076 2375 1250 2453 memorie,
1266 2374 1322 2440 do·

366 2478 456 2541 mino
472 2477 614 2542 Roberto
629 2477 786 2561 episcopo,
802 2476 844 2541 ud
863 2477 1019 2541 bonorem
1040 2476 1104 2541 Dei
1125 2486 1159 2541 et
1180 2477 1324 2541 ecclesiae

366 2588 486 2646 sanctae
501 2582 647 2644 decorem
663 2580 783 2664 pariter
794 2587 827 2643 et
838 2580 1014 2644 utilitatem
1029 2580 1198 2644 sulubriter
1214 2588 1322 2644 actum

367 2692 416 2749 est
443 2691 475 2748 et
501 2690 670 2761 statutum,
696 2704 757 2747 nos
782 2684 851 2768 ejus
877 2682 996 2747 imitati
1019 2682 1162 2765 vestigio,
1189 2704 1228 2746 ea
1251 2704 1323 2765 quae

293 2780 294 2783 ¹
367 2788 460 2853 nobis
480 2810 500 2851 a
519 2788 591 2851 Deo
611 2807 762 2852 concessu
781 2794 831 2851 est
851 2787 1044 2852 auctoritate
1063 2786 1269 2850 concedimus
1288 2795 1323 2850 et

366 2892 602 2955 confirmemus.
644 2889 807 2954 Quoniam
821 2889 934 2972 itaque
944 2891 1012 2974 jum
1029 2890 1134 2953 dictus
1149 2889 1321 2972 praedeces-

367 3014 420 3058 sor
439 2999 550 3056 noster
568 2991 734 3055 ecclesium
753 2992 843 3055 beuti
862 2991 953 3055 Petri
973 2992 1008 3055 in
1030 2992 1100 3056 foro
1124 2991 1323 3056 Herefordiae

367 3096 473 3172 sitnm,
496 3101 529 3159 et
551 3093 719 3158 ecclesiam
741 3095 846 3157 sancti
869 3094 1023 3159 Guthluci
1044 3096 1132 3157 intra
1153 3094 1323 3159 castellum

368 3196 568 3261 Herefordiae
583 3196 741 3260 ambitum
757 3196 937 3274 fimdatum,
958 3198 993 3259 in
1013 3218 1129 3281 corpus
1149 3219 1253 3261 unum
1272 3218 1322 3260 re-

367 3298 487 3379 digere,
499 3306 532 3361 et
547 3319 647 3362 unum
661 3298 832 3363 beatorum
847 3299 1064 3382 apostolorum
1077 3299 1165 3362 Petri
1180 3308 1214 3363 et
1228 3299 1324 3362 Punli

367 3407 400 3464 et
416 3400 519 3463 suncti
535 3399 688 3464 Guthluci
710 3420 750 3463 ex
768 3400 1013 3483 jamdictorum
1028 3400 1234 3463 ecclesiarum
1250 3422 1323 3484 pos-

367 3502 560 3566 sessionibus
576 3502 781 3579 constituere‚
797 3509 831 3565 et
849 3502 885 3564 in
904 3501 975 3567 loco
992 3502 1141 3584 religioni
1156 3502 1325 3584 aptissimo

368 3610 460 3668 extre
473 3604 636 3668 civitatem
652 3604 818 3682 aedificure,
834 3605 916 3669 etin
931 3626 971 3669 cu
991 3604 1224 3669 monachorum
1245 3628 1323 3670 con-

367 3712 501 3770 ventum
530 3706 709 3770 instaurare
736 3706 886 3784 decrevit,
908 3730 969 3772 nos
994 3707 1055 3771 hoc
1080 3706 1188 3790 ipsum
1212 3715 1323 3771 rutum

366 3807 533 3886 babentes,
550 3809 733 3886 annuimus,
744 3794 785 3873 ‘et
804 3810 968 3893 jamdictis
989 3810 1132 3875 ecclesioe
1153 3810 1323 3876 beatorum

368 3910 457 3975 Petri
472 3921 505 3975 ct
520 3911 613 3974 Pauli
633 3918 666 3975 et
687 3912 790 3977 suncti
806 3913 960 3977 Gutbluci
975 3935 1087 3977 omnes
1106 3914 1322 3996 possessiones

367 4021 401 4079 et
421 4013 596 4093 dignitates
616 4022 649 4077 et
668 4014 845 4094 libertates,
861 4035 881 4078 u
891 4016 1057 4098 jamdictis
1078 4016 1202 4079 duabus
1221 4016 1320 4079 eccle·

368 4116 423 4180 siis
438 4116 604 4179 retroactis
624 4117 824 4199 temporibus
843 4117 980 4196 babitus,
996 4124 1029 4181 et
1049 4116 1109 4180 sibi
1130 4140 1150 4180 e
1165 4119 1321 4202 jamdicto

367 4219 599 4303 predecessore
614 4227 724 4283 nostro
739 4220 944 4285 confirmatus
958 4220 1173 4299 concedimus,
1188 4229 1221 4284 et
1241 4242 1320 4303 prae-

369 4321 454 4386 senti
468 4322 588 4405 scripto
603 4328 635 4385 et
650 4321 748 4404 sigilli
761 4322 865 4385 nostri
881 4322 1097 4401 attestatione,
1111 4329 1150 4386 ut
1164 4321 1198 4386 in
1209 4343 1320 4410 perpe-
