3225 5192
257 694 324 737 sm.
342 668 539 751 nol-sa]
591 687 1029 731 nosnosrrssrsnrrsroun.
1140 668 1205 731 287

255 806 429 892 replebitis,
444 812 478 870 et
493 825 513 868 a
526 824 602 887 rege
616 802 759 887 piissimo
775 802 967 885 dominoque
982 815 1094 868 nostro
1111 807 1206 869 caris·

256 911 336 976 simo
351 931 419 974 non
433 909 537 973 solum
553 927 624 990 quae
639 905 680 970 ad
694 926 834 988 praesens
848 904 968 988 petitis,
984 906 1041 970 sed
1058 915 1092 971 et
1110 908 1207 990 longe

255 1015 377 1098 majora
401 1013 452 1076 his
476 1010 611 1076 Domini
634 1009 749 1092 spiritu
772 1030 827 1074 eor
850 1010 920 1092 ejus
945 1011 1150 1086 accendente,
1174 1018 1207 1075 et

255 1118 291 1182 in
310 1137 451 1180 amorem
472 1136 567 1178 suum
587 1134 713 1197 semper
733 1113 890 1178 dilatante
908 1113 1045 1177 feliciter
1062 1113 1207 1178 obtinere
1310 1187 1319 1203 ⁸

257 1218 412 1304 poteritis.

403 1517 626 1583 sPlsuoua
656 1517 878 1582 cxcv-nn
895 1539 1049 1583 ruunuu.

260 1670 610 1734 monocentaurum
632 1669 859 1751 archiepiscopo
877 1669 1033 1732 Gildertaa
1052 1671 1208 1733 Muduci-

304 1773 385 1836 aaa
405 1775 573 1854 episeopus,
589 1779 662 1855 opto
683 1773 816 1836 rationis
834 1773 1041 1836 moderamine
1061 1773 1121 1836 sibi
1143 1794 1208 1838 cre-

302 1875 370 1939 dita
385 1876 574 1958 dispersere.

302 2027 546 2091 Suvunrrsrsu
558 2033 707 2106 vestram,
719 2033 820 2110 pater,
830 2026 981 2090 dominus
994 2026 1209 2091 salesberien-

256 2131 308 2210 sis,
319 2137 352 2195 et
363 2152 433 2216 ego,
446 2130 563 2214 aliique
574 2130 689 2194 fratres
701 2130 803 2194 nostri
814 2152 852 2194 ex
864 2130 1032 2194 retroactis
1044 2136 1078 2194 et
1088 2130 1207 2212 agnitis

257 2255 324 2298 non
345 2233 506 2298 immerito
529 2241 709 2316 suspectam
731 2232 898 2311 habentes,
918 2232 1144 2317 pertimuimus
1166 2254 1209 2297 ne

255 2335 291 2400 in
305 2335 472 2400 dominum
491 2343 640 2400 nostrum
654 2357 764 2419 regem
778 2336 917 2419 Angliae,
933 2344 991 2400 aut
1011 2337 1048 2400 in
1069 2357 1208 2418 regnum

256 2439 335 2522 ejus,
350 2439 401 2503 vel
421 2438 458 2502 in
480 2459 540 2501 uos
559 2439 802 2502 cantuariensis
824 2439 967 2502 ecelesiae
988 2439 1208 2521 suffraganeos

256 2543 429 2626 episcopos,
455 2548 512 2605 aut
538 2542 721 2606 commissas
748 2540 841 2606 nobis
867 2540 1015 2606 ecelesias
1044 2542 1208 2609 maledicti

256 2654 314 2710 aut
332 2645 496 2710 interdicti
511 2645 706 2710 seutentiam
720 2645 885 2710 ferendam
901 2666 971 2708 esse
985 2645 1208 2724 decerneretis,

257 2755 290 2813 et
305 2768 364 2811 nos
377 2747 571 2827 indefensos,
583 2747 650 2831 juri
664 2753 775 2812 tamen
790 2767 916 2832 semper
930 2753 1016 2811 stare
1036 2748 1208 2831 promptis-

258 2851 365 2930 simos,
377 2851 446 2934 jam
463 2851 556 2916 diotae
575 2871 679 2935 poenae
699 2851 836 2915 nexibus
855 2851 1067 2930 involveretis.
1112 2849 1209 2915 Quod

256 2976 299 3020 ne
319 2953 409 3019 vobis
431 2955 563 3020 omnino
585 2955 668 3019 foret
689 2954 839 3034 liberum,
862 2955 903 3018 ad
925 2953 1130 3019 clementiam
1152 2954 1209 3018 do-

256 3060 338 3123 mini
366 3080 457 3144 papae
478 3060 572 3144 juxta
596 3058 858 3142 Quadragesimae
882 3059 1014 3125 initium
1039 3059 1209 3142 appellavi.

257 3184 340 3242 mus,
356 3169 389 3226 et
409 3162 614 3248 appellationi
630 3162 724 3242 diem,
740 3169 868 3227 octavas
887 3161 1118 3246 purificationis
1136 3161 1208 3238 bea·

257 3273 301 3331 tae
323 3266 447 3345 Mariae,
470 3267 703 3332 constituentes
726 3267 788 3331 hoc
809 3265 899 3330 vobis
920 3266 1038 3349 scripto
1059 3265 1211 3350 praesenti

259 3369 439 3453 significare
453 3369 643 3448 curavimus,
659 3376 697 3433 ut
712 3372 739 3433 si
755 3370 832 3453 quid
847 3369 974 3434 habetis
987 3369 1024 3432 in
1037 3391 1108 3448 nos,
1124 3369 1211 3452 quod

256 3473 377 3558 judicio
399 3473 549 3557 prosequi
571 3472 680 3552 libeat,
702 3473 738 3536 in
760 3474 830 3556 ejus
853 3479 933 3536 tunc
955 3473 1134 3556 praesentia,
1156 3474 1209 3557 ju·

258 3583 355 3641 vante
380 3577 533 3656 Domino,
560 3576 821 3660 respondeamus,
851 3583 885 3639 et
914 3575 984 3659 ejus
1012 3597 1071 3659 per
1101 3575 1211 3640 omnia

259 3680 428 3745 sententiae
442 3681 607 3744 humiliter
621 3685 654 3744 et
670 3679 873 3744 devotissime
886 3700 1065 3762 pareamus.
1108 3681 1209 3744 Aver-

259 3788 308 3847 tat
329 3780 411 3846 iram
433 3803 525 3847 suam
546 3783 716 3861 Dominus,
731 3782 873 3866 nequod
897 3783 1083 3867 proponitis,
1098 3791 1210 3868 optato

261 3885 325 3950 fine
340 3885 547 3950 concludatis.
