3225 5192
412 665 478 726 340
726 683 885 728 ornurnrr
904 684 1057 728 eriscorr

414 822 627 885 progressum.
671 801 744 864 Hoc
759 801 891 866 domiuo
906 801 1101 866 Cioestrensi
1115 800 1368 866 communicabi-

414 905 467 982 tis,
483 905 539 988 qui
555 905 676 988 siquid
691 905 784 968 aliter
799 904 945 984 senserit,
961 905 1024 969 boc
1041 905 1123 969 mihi
1141 905 1168 969 si
1188 906 1305 989 placet,
1320 925 1369 967 re-

413 1014 564 1072 currente
579 1029 717 1086 cursare,
733 1029 776 1071 ne
794 1029 912 1090 panem
932 1007 1081 1072 comedat
1098 1009 1220 1071 otiosus
1240 1009 1368 1091 signare

414 1109 528 1173 velitis.
560 1109 678 1176 Valere
692 1131 748 1174 vos
762 1117 839 1194 opto
854 1111 889 1173 in
904 1112 1057 1188 Domino,
1072 1112 1245 1176 carisdmr„

546 1408 766 1476 EPISTOLA
788 1411 1059 1476 cumve-n>
1075 1431 1230 1475 euuanrr.

423 1561 596 1624 Venerabili
611 1561 732 1624 domina
738 1560 903 1648 fratrique
919 1563 1080 1625 cariorimo
1094 1563 1127 1625 J.
1143 1562 1371 1625 Sareaberioui

459 1664 520 1726 Dei
536 1665 644 1745 prolia
662 1663 929 1746 epiecopo,froter
945 1666 984 1727 G.
999 1665 1223 1728 londmieneie
1236 1665 1371 1726 coclerio

460 1768 601 1830 minister
614 1768 744 1830 salutem
758 1773 788 1830 et
804 1767 938 1829 debitam
953 1767 1075 1831 domim
1090 1768 1294 1830 dilectiorem.

463 1923 600 1986 Susum
616 1944 634 1986 e
648 1921 734 1986 facili
748 1922 919 1986 verborum
934 1923 1088 2006 paucitas,
1100 1942 1202 2005 quum
1217 1921 1259 1986 ad
1273 1941 1369 1984 exau-

418 2023 573 2088 diendum
595 2046 697 2109 prona
719 2032 769 2089 est
788 2025 890 2108 ipsius
911 2025 953 2088 ad
975 2046 1073 2109 quem
1094 2024 1247 2088 scribitur
1267 2024 1372 2088 amica
1459 2069 1462 2072 -

417 2125 611 2208 benignitas,
632 2147 729 2209 quam
752 2127 828 2209 quia
849 2128 890 2191 de
912 2134 1018 2191 vestra
1038 2127 1143 2210 gratia
1164 2146 1254 2211 spem
1276 2127 1371 2210 plene

418 2228 627 2312 concipimus,
650 2229 775 2293 dilectae
799 2229 893 2294 nobis
914 2230 950 2293 in
972 2230 1116 2295 Domino
1139 2229 1372 2294 benevolentia

418 2337 531 2396 vestrae
552 2352 662 2415 preces
684 2331 858 2396 affectuose
879 2331 1083 2416 porrigimus,
1097 2339 1137 2395 ut
1158 2331 1276 2414 viginti
1297 2331 1370 2395 soli·

418 2433 535 2498 dorum
557 2433 751 2498 beneficium
775 2434 861 2518 quod
884 2435 996 2518 nepoti
1019 2455 1092 2499 meo
1114 2439 1151 2498 in
1173 2433 1308 2498 ecclesia
1329 2433 1371 2498 de

420 2537 576 2601 chiltuna
596 2537 807 2616 concessistis,
830 2538 995 2622 integrum
1019 2537 1081 2620 ipsi
1103 2557 1234 2600 manere
1257 2536 1371 2614 velitis,

366 2635 374 2653 ‘
419 2661 461 2704 ne
484 2641 511 2703 si
532 2640 580 2704 rei
601 2638 735 2704 modicae
757 2639 921 2724 quippiam
942 2639 1154 2717 detraxeritis,
1176 2660 1247 2702 rem
1267 2638 1372 2721 ipsam

418 2743 603 2814 mutilatam
618 2742 854 2826 quodammodo
868 2763 927 2806 suo
941 2741 1110 2824 indignam
1126 2742 1281 2805 donatore
1298 2739 1371 2803 red-

418 2845 513 2910 datis.
557 2847 709 2913 Vestram
729 2867 804 2913 vera
821 2845 969 2909 volumus
989 2843 1213 2908 celsitudinem
1235 2863 1303 2906 non
1324 2843 1371 2906 la-

419 2955 498 3027 tere,
514 2949 624 3032 nepoti
643 2967 716 3012 mec
737 2953 770 3012 et
789 2946 891 3031 ipsius
910 2946 1026 3010 clerico
1039 2945 1094 3009 W.
1114 2953 1209 3028 pacto
1228 2967 1298 3009 rem
1317 2947 1371 3009 iir-

335 3064 340 3072 '
420 3057 532 3114 mante
554 3051 599 3114 sic
621 3049 817 3129 convenisse,
831 3057 871 3114 ut
885 3049 939 3112 W.
956 3049 1016 3112 sibi
1032 3069 1157 3113 annuos
1175 3048 1292 3131 viginti
1310 3048 1372 3112 sol-

419 3160 473 3216 vat
498 3159 531 3216 et
554 3153 653 3237 ipsius
679 3154 821 3218 ecclesiae
843 3173 942 3218 onera
967 3154 1077 3217 omnia
1099 3175 1171 3236 quae
1193 3161 1300 3216 vestra
1322 3153 1373 3216 vel

420 3255 635 3323 archidiaconi
656 3256 754 3320 vestri
775 3257 920 3340 imponet
942 3255 1109 3333 modestia,
1124 3256 1161 3318 iu
1182 3277 1217 3319 se
1239 3256 1371 3340 suscipi·

419 3358 504 3422 endo
522 3358 690 3422 sustineat.
736 3359 836 3422 Unde
854 3379 963 3442 preces
982 3359 1100 3421 iterato
1118 3358 1312 3442 porrigimus
1331 3367 1371 3422 ut

420 3462 447 3523 si
462 3463 557 3544 juxta
571 3460 657 3543 quod
672 3463 770 3526 moris
786 3462 887 3526 vellus
901 3462 952 3527 ovi
966 3461 1179 3540 detraxeritis,
1193 3484 1299 3545 agno.
1313 3511 1344 3528 ..
1359 3511 1368 3528 .

420 3562 525 3625 adhuc
551 3563 712 3641 annicula,
739 3585 906 3647 quousque
933 3565 1018 3628 lauis
1046 3565 1203 3629 vestiatur
1226 3564 1370 3647 uberius,

421 3663 526 3748 gratia
550 3663 724 3728 miserante
749 3667 897 3748 parcatis.
943 3668 1060 3732 Valere
1082 3689 1139 3733 vos
1161 3676 1310 3752 optamus
1335 3670 1371 3735 in

420 3767 571 3845 Domino,
586 3768 685 3833 frater
699 3768 735 3832 in
750 3768 879 3834 Christo
893 3770 1063 3834 canssime.
