3225 5192
377 687 443 750 292
689 699 850 744 ornatam
869 697 1021 742 rarecort

379 822 528 889 Quorum
545 816 653 884 nevel
672 817 708 881 in
725 817 853 881 modioo
869 814 1071 879 decoloretur
1084 810 1331 888 administratio,

377 943 495 1007 rogans
517 921 671 1005 mpplioo,
692 919 846 1004 quatinus
868 916 1041 981 diaoonnm
1063 915 1157 979 illum
1179 922 1214 978 et
1237 913 1331 978 aooli·

378 1035 451 1090 tum
462 1045 542 1109 quos
557 1023 599 1089 ob
614 1043 745 1088 oausam
759 1022 844 1085 hano
858 1019 980 1084 includi
995 1018 1115 1083 fecistis
1129 1017 1171 1082 ob
1185 1037 1331 1081 reveren·

378 1130 460 1193 tiam
471 1127 604 1192 Domini
615 1127 635 1190 J
637 1146 705 1205 ean,
714 1125 807 1209 eujus
819 1131 896 1187 sunt
908 1123 1026 1204 signati
1037 1121 1231 1197 charactere,
1239 1120 1332 1203 enjus

380 1229 625 1294 similitudinem
640 1233 770 1311 gestant
785 1247 922 1303 eoronae,
937 1224 1019 1288 mihi
1038 1224 1066 1287 ai
1084 1223 1164 1306 quid
1183 1224 1333 1287 adversus

381 1355 436 1398 eos
455 1331 554 1396 habet
573 1339 739 1395 aecusator
753 1328 968 1394 ecelesiastica
980 1325 1174 1391 ooeroendos
1185 1325 1332 1409 jurisdic-

380 1435 470 1500 tione
489 1433 677 1498 restituatis.
722 1431 776 1496 Ne
797 1431 825 1494 si
847 1430 1026 1494 Dominum
1041 1429 1155 1492 Jeaum
1176 1428 1212 1492 in
1233 1449 1333 1493 mem-

381 1539 448 1602 bris
464 1536 529 1601 auis
544 1537 704 1600 inclusum
719 1553 855 1610 carcere,
870 1531 995 1610 audaci,
1006 1531 1094 1614 quod
1108 1531 1202 1609 absit,
1216 1530 1334 1594 securi-

381 1649 451 1706 tate
466 1638 678 1718 detinueritis,
693 1637 800 1721 ipsum
814 1635 904 1700 vobis
922 1635 959 1700 in
976 1635 1033 1699 illa
1047 1634 1100 1700 die
1111 1635 1247 1718 januam
1260 1633 1335 1697 vita

384 1742 542 1820 claudere,
572 1741 680 1805 divina
712 1739 747 1803 id
782 1739 932 1822 exigente
958 1737 1097 1822 justitia,
1125 1735 1334 1820 oompellatia.

384 1845 501 1910 Valere
516 1865 571 1910 vos
586 1851 744 1929 optamus,
760 1842 796 1907 in
810 1841 953 1906 Domino
966 1839 1132 1904 oariasimi.

399 2163 620 2228 EPISTOLA
641 2161 798 2226 (Κλ-ΑΙ)
815 2181 998 2225 aoraocorr
1016 2180 1315 2224 aornoruonuarrr

705 2282 1020 2328 ancarnrracorou.

393 2415 568 2481 Venerabili
582 2415 704 2478 domino
712 2415 862 2496 putrique
876 2415 1036 2477 ooiieoimo
1049 2411 1091 2475 R.
1102 2411 1339 2496 Rotdomoqerui

430 2520 492 2584 Dei
517 2518 626 2602 gratio
655 2517 895 2598 archiepiscopo,
916 2513 1026 2598 ‚frater
1053 2515 1091 2578 G.
1118 2514 1340 2580 londoniensis

430 2623 563 2687 eooleoioe
591 2623 741 2701 minister,
774 2621 905 2684 sulutem
941 2623 972 2682 et
1008 2619 1135 2682 docem
1167 2619 1340 2684 auctum

433 2724 586 2808 affectum.

434 2875 649 2938 Garumnam
666 2873 807 2937 Domino
824 2880 895 2936 tota
913 2874 1033 2938 mentis
1052 2874 1218 2938 alacritate
1232 2873 1340 2938 reseri-

390 3000 463 3043 mus
483 2980 635 3057 actiones,
652 2977 737 3060 quod
757 2977 793 3040 in
813 2976 902 3040 vobis
917 2984 1071 3060 congesta
1083 2977 1241 3040 virtutum
1256 2977 1343 3040 bona

390 3081 542 3167 produxit
556 3081 592 3144 in
607 3079 759 3160 medinm,
776 3086 810 3145 et
824 3101 880 3144 voa
895 3081 1001 3145 altiori
1015 3079 1251 3164 superpositum
1267 3101 1342 3144 oan-

392 3183 532 3262 delahro,
547 3183 583 3246 in
597 3183 697 3247 totius
712 3182 956 3248 aedificationem
971 3181 1121 3261 eooleaioe,
1133 3181 1228 3246 solito
1241 3182 1343 3246 voluit

392 3286 586 3352 eminentius
608 3285 743 3350 eluoene.
788 3285 859 3350 Nos
875 3306 950 3351 vero
963 3293 1106 3350 veterem
1127 3285 1184 3349 sed
1205 3286 1343 3350 nullate-

393 3411 455 3454 nus
474 3389 687 3454 inveteratam
701 3387 789 3452 vobis
804 3387 980 3452 amicitiam
994 3407 1119 3451 servare
1134 3387 1287 3465 volentes,
1302 3387 1343 3450 de

394 3489 609 3554 benivolentia
623 3497 728 3553 vestra
747 3487 949 3567 ooniidimoa,
964 3495 1003 3552 ut
1015 3488 1073 3570 qni
1092 3489 1133 3552 de
1151 3489 1267 3554 oollata
1284 3511 1343 3555 no-

394 3593 443 3656 bis
459 3592 563 3674 gratia
578 3590 828 3674 congaudemus,
843 3591 1005 3674 amplioris
1019 3590 1118 3655 etiam
1132 3592 1245 3674 gratita
1259 3593 1346 3677 apud

393 3715 448 3758 vos
459 3694 566 3758 locum
582 3693 794 3757 obtineamus
841 3693 925 3757 Inde
938 3700 998 3772 eat,
1009 3693 1099 3780 quod
1113 3694 1239 3760 dilecta
1252 3696 1345 3760 nobis

394 3797 430 3860 in
450 3795 591 3860 Domino
606 3794 745 3859 bonitati
758 3803 872 3860 vestroe
890 3817 1000 3880 preoea
1020 3797 1194 3864 affectuose
1212 3799 1346 3882 porrigi·

396 3921 479 3979 mus,
496 3899 648 3983 quatinus
670 3898 789 3987 dilecto
811 3905 932 3978 nostro,
947 3899 1103 3983 magistro
1118 3901 1261 3966 Rannlfo
1281 3902 1348 3966 filio

396 4003 535 4068 Erchem
554 4001 747 4066 beneficium
766 4002 906 4067 eoeleaiae
924 4002 1029 4066 saneti
1042 4005 1164 4067 Amani
1184 4003 1270 4087 quod
1287 4004 1348 4069 sibi

396 4106 610 4191 praedecessor
623 4098 809 4170 vester'sub
829 4113 940 4170 nostro
959 4113 993 4170 et
1011 4107 1190 4171 multorum
1203 4106 1349 4170 testimo-

397 4211 453 4274 nio
467 4218 622 4293 tanquam
638 4208 782 4293 ejusdem
797 4208 938 4274 eoelesiae
957 4229 1102 4292 personae
1118 4209 1273 4288 restituit,
1288 4209 1349 4274 sai-

398 4333 473 4375 vum
503 4313 571 4376 iore
600 4312 792 4390 concedatis,
823 4320 856 4374 et
885 4311 1039 4377 vicanum
1068 4319 1103 4376 et
1130 4311 1350 4378 fraudatorem

1583 890 1588 975 i

1585 980 1590 1026 ι
