3225 5192
403 686 468 752 228
722 700 879 745 oinaaari
894 698 1040 745 aaracorr

402 824 557 907 agitatam
573 823 660 907 apud
674 844 746 900 nos,
760 831 794 887 et
814 822 900 887 iacta
919 822 961 885 ad
980 843 1035 885 vos
1056 821 1273 906 appellatione
1291 842 1359 887 aas·

403 948 545 1010 pensam,
562 926 754 991 sublimitati
767 935 882 990 vestrae
900 924 1030 989 directis
1049 925 1101 989 his
1121 925 1266 1011 apicibus
1286 947 1358 1008 ape-

310 1015 313 1023 *
403 1031 514 1094 rimus.
561 1028 830 1113 Conquerebatur
845 1027 1019 1107 Henricus,
1035 1028 1114 1093 dum
1134 1029 1250 1094 studiis
1270 1030 1360 1093 scbo·

402 1138 524 1201 laribus
553 1144 726 1221 occupatus
743 1136 892 1216 abesset,
915 1137 985 1220 jam
1011 1137 1135 1201 dictum
1157 1135 1358 1199 Willelmum

404 1241 491 1305 intra
519 1242 600 1305 fines
635 1240 794 1325 parochiae
823 1262 890 1303 suae
919 1240 960 1303 de
991 1239 1176 1319 stubeheia,
1206 1240 1359 1323 capellam

404 1343 551 1421 erexisse,
567 1343 676 1427 ibique
691 1345 725 1407 in
742 1343 894 1427 iujuriam
909 1351 943 1407 et
958 1343 1163 1427 dispendium
1178 1342 1279 1426 ipsius
1292 1362 1358 1404 ma·

403 1446 462 1511 tris
482 1447 633 1525 ecclesia,
656 1446 765 1510 divina
784 1445 939 1509 celebrari
958 1446 1080 1524 fecisse,
1098 1452 1133 1510 et
1151 1445 1252 1530 ipsius
1271 1465 1358 1507 oeca-

404 1550 494 1613 sioue
519 1550 659 1633 capellae,
686 1550 749 1633 ipsi
774 1550 872 1613 matri
897 1549 1038 1613 eeclesiae
1062 1549 1301 1626 decimationes,
1326 1554 1360 1611 et

406 1654 485 1717 alias
507 1652 718 1717 obventiones
740 1652 969 1717 ecclesiasticas
990 1652 1112 1736 injuste
1134 1652 1192 1715 din
1213 1652 1358 1716 subtrax-

406 1758 479 1821 isse.
525 1756 689 1841 Capellam
711 1755 821 1839 itaque
843 1756 878 1818 iu
899 1756 1051 1839 parochia
1064 1776 1122 1819 aua
1138 1755 1222 1819 clam
1236 1776 1270 1818 se
1285 1775 1359 1817 coa-

406 1867 561 1924 structam
586 1860 680 1938 dirui,
703 1866 736 1923 et
758 1880 828 1922 rem
849 1858 885 1921 in
907 1866 1030 1922 statum
1051 1858 1226 1942 pristinum
1247 1857 1358 1939 redigi,

404 1969 437 2027 et
460 1962 521 2026 sibi
540 1962 661 2045 injuste
682 1961 848 2026 subtracta
861 1961 965 2026 officio
979 1968 1091 2025 nostro
1105 1961 1231 2024 restitui
1246 1982 1359 2043 propo·

404 2065 467 2129 sita
490 2064 531 2128 ad
555 2064 616 2129 boc
638 2072 671 2129 et
694 2065 858 2128 rationum
881 2071 915 2128 et
938 2064 1168 2128 auctoritatum
1190 2062 1359 2146 multiplici

404 2168 495 2251 copia
514 2166 708 2252 postulabat.
755 2168 939 2232 Willelmus
953 2188 1028 2232 vero
1047 2188 1168 2231 novum
1187 2188 1268 2250 opus
1286 2166 1358 2229 infi-

404 2271 504 2349 cians,
521 2270 674 2354 capellam
698 2270 801 2353 ipsam
820 2269 857 2334 in
878 2270 981 2335 fundo
999 2292 1058 2334 auo
1077 2270 1258 2354 antiquitus
1280 2268 1359 2333 erti-

404 2374 492 2453 tisse,
516 2374 682 2459 ipsamque
708 2394 743 2438 se
764 2375 838 2458 jure
865 2396 924 2439 suo
949 2374 991 2437 ad
1015 2394 1156 2458 praesens
1180 2374 1358 2451 innovasse,

405 2498 502 2562 seque
524 2478 559 2541 in
581 2499 619 2542 ea
640 2478 676 2541 in
695 2478 818 2541 nullius
837 2477 991 2561 injuriam
1011 2484 1069 2541 aut
1088 2477 1292 2561 dispendium
1312 2475 1358 2538 di-

405 2582 480 2645 vina
494 2580 747 2646 communicasse
762 2580 938 2664 respoudit.
980 2579 1158 2663 Adjiciens,
1171 2600 1206 2643 se
1221 2579 1357 2643 decima·

404 2686 509 2750 tiones
531 2692 626 2749 terrae
648 2706 715 2749 suae
733 2685 828 2769 juxta
849 2692 944 2767 pacta
964 2683 1051 2748 inter
1072 2705 1147 2747 snos
1168 2693 1202 2748 et
1224 2683 1358 2747 Heariei
1384 2729 1388 2737 .

405 2788 651 2873 predecessores
671 2788 754 2853 inita
773 2795 806 2852 et
826 2788 964 2865 firmata,
980 2788 1106 2851 matrici
1125 2787 1267 2851 ecelesiae
1288 2808 1357 2873 per-

407 2893 545 2970 solvisse,
570 2900 603 2955 et
629 2891 797 2956 annuatim
822 2912 934 2955 aarum
958 2891 1089 2954 nornine
1120 2898 1259 2974 quatuor
1287 2891 1359 2955 soli-

406 2994 473 3075 dos,
498 3003 535 3059 ut
560 2995 830 3079 comprehensum
854 2995 961 3058 fixerat
985 3002 1089 3077 pacto,
1115 2993 1304 3073 reddidisse,
1325 3003 1359 3059 et

406 3122 481 3164 cum
501 3098 542 3163 ad
561 3099 781 3164 evacuandum
798 3106 928 3183 pactum
948 3098 1009 3162 hoc
1028 3098 1069 3162 ad
1090 3098 1259 3162 dominum
1274 3099 1358 3163 Cau·

404 3204 601 3268 tuariensem
624 3204 795 3287 aliquando
819 3203 1016 3288 appellatum
1038 3204 1160 3281 fnisset,
1187 3226 1221 3267 se
1245 3204 1286 3268 ab
1309 3204 1358 3267 in·

405 3308 552 3372 tentione
574 3316 687 3371 eontra
709 3316 841 3392 paetum
863 3308 1036 3391 proposita,
1051 3308 1287 3372 sententialiter
1303 3308 1358 3372 ab

407 3411 549 3474 solutum
565 3411 717 3475 extitisse.
758 3410 841 3476 Quae
855 3421 936 3474 cum·
944 3411 1053 3473 taliter
1067 3410 1221 3493 allegaret
1235 3410 1358 3474 Willel-

280 3591 285 3600 Ι
407 3534 490 3591 mus,
510 3514 602 3577 nulla
624 3522 735 3577 tamen
758 3514 1049 3579 instrumentorum
1074 3522 1131 3578 ant
1153 3514 1287 3577 testium
1311 3536 1359 3578 as·

407 3616 546 3680 sertione
575 3615 755 3680 roborabat.
807 3616 970 3680 Henricus
996 3638 1070 3681 vero
1095 3638 1202 3681 coram
1229 3616 1360 3681 domino

405 3717 641 3803 archiepiscopo
671 3719 710 3782 de
741 3717 876 3782 decimis
904 3725 1036 3782 tautum
1065 3718 1151 3783 illius
1180 3720 1268 3798 anui,
1296 3742 1359 3803 qno

405 3842 501 3885 causa
526 3830 605 3885 tunc
629 3820 794 3905 agebatur,
820 3822 1054 3885 absolutorium
1079 3822 1178 3885 foisse
1198 3822 1357 3905 judicium

404 3924 577 4004 asserebat,
608 3925 771 4008 adjiciens,
803 3947 837 3990 se
866 3926 951 3990 banc
973 3926 1072 3990 etiam
1096 3926 1292 3989 senteutiam
1317 3926 1358 3991 ad

405 4036 543 4093 vestram
565 4030 763 4094 audientiam
782 4031 996 4114 appellatione
1015 4030 1207 4114 interposita
1226 4052 1359 4115 suspen·

407 4134 500 4213 disse,
516 4141 718 4217 vestramque
739 4134 971 4199 sublimitatem
995 4134 1127 4199 domino
1143 4134 1362 4199 Wintoniensi

405 4239 506 4301 totius
521 4259 625 4302 causae
639 4238 857 4319 cognitionem
870 4238 1044 4320 delegasse,
1056 4260 1090 4302 se
1104 4246 1216 4302 tamen
1231 4260 1359 4303 causam

405 4339 490 4403 hanc
527 4338 598 4403 aliis
633 4338 844 4422 praepeditum
882 4340 1021 4422 negotiis
1058 4349 1263 4423 prosecutum
1293 4363 1360 4406 uon
