3225 5192
346 663 412 723 214
657 678 817 721 excusans
835 677 988 721 eesscoes

509 1009 730 1075 EPISTOLA
752 1008 962 1073 Olim-sn
978 1028 1135 1072 nonusis.

348 1166 442 1225 Patri
465 1184 520 1226 eoo
546 1168 577 1226 et
602 1163 735 1241 domino,
758 1182 876 1225 eummo
895 1160 1040 1243 pontifici
1064 1162 1104 1225 A.
1123 1160 1233 1243 frater
1261 1162 1301 1224 G.

390 1266 614 1329 Londouieauia
633 1266 767 1329 eccleeice
787 1266 929 1328 miniter
948 1264 1083 1328 deditium
1103 1265 1250 1328 cecitatis
1270 1270 1303 1329 et

391 1368 569 1431 obedientie
578 1368 778 1449 famulatum.

392 1517 470 1583 Qus
493 1518 698 1597 confidentia,
720 1540 784 1602 qua
804 1518 886 1582 facie
908 1516 1040 1581 domino
1060 1537 1134 1581 meo
1154 1516 1302 1600 patrique

348 1620 509 1685 carissimo
538 1644 596 1705 pro
626 1622 689 1686 ulio
714 1622 951 1705 supplicaturus
976 1621 1134 1699 assistam,
1159 1641 1234 1685 cum
1260 1620 1301 1684 ad

348 1725 579 1789 conciliandam
594 1724 674 1788 mihi
689 1746 788 1809 penes
800 1746 854 1789 vos
865 1724 1002 1807 gratism
1016 1724 1086 1807 ipse
1099 1724 1302 1807 potissimum

348 1827 511 1907 advocato,
532 1834 570 1891 ut
591 1828 712 1892 famem
733 1828 799 1891 lete
822 1827 977 1909 divulgat,
991 1826 1179 1910 indigeam?
1223 1827 1301 1891 Non

348 1931 436 1995 enim
461 1940 511 1996 est
539 1932 698 1996 mediator
722 1931 869 2010 idoneus,
893 1951 992 2014 quem
1017 1936 1146 1995 constat
1170 1930 1208 1993 in
1231 1930 1301 2013 ejus

347 2034 447 2097 oculis
477 2034 652 2118 displicere,
678 2056 774 2119 quem
803 2055 873 2099 sese
901 2033 1046 2099 medium
1074 2032 1301 2097 constituendo

347 2136 508 2218 placetum
524 2138 595 2220 quis
611 2136 723 2201 debuit
739 2134 899 2200 exhibere.
937 2136 1106 2213 Attamen,
1120 2134 1157 2197 in
1171 2134 1302 2199 Christo

348 2238 552 2302 dilectissime
577 2246 678 2323 peter,
706 2239 786 2303 dum
811 2260 864 2302 me
889 2239 996 2323 ipsum
1021 2236 1198 2315 considero,
1222 2236 1301 2301 dnm

346 2346 453 2403 totum
476 2362 528 2405 me
550 2341 630 2404 mihi
653 2362 719 2405 non
742 2340 905 2425 parcendo
926 2340 1074 2419 discutio,
1095 2340 1211 2423 utiquc
1232 2360 1300 2403 non

343 2444 481 2527 juvenis,
497 2444 577 2507 mihi
592 2444 779 2508 nullatenus
798 2444 938 2507 occurrit
956 2442 1074 2522 enimc,
1089 2442 1133 2507 ob
1147 2443 1234 2526 quod
1247 2462 1301 2507 me

347 2547 543 2611 commisisse
559 2548 722 2632 quippiam
738 2569 757 2611 s
772 2548 853 2611 faeie
867 2553 974 2611 vestra
986 2547 1109 2631 projici,
1121 2554 1156 2611 et
1166 2568 1187 2610 e
1196 2567 1300 2610 secra-

348 2650 471 2714 tissimo
490 2658 603 2715 vestroe
622 2651 835 2734 benignitatis
854 2651 946 2715 aditu
964 2672 1018 2715 mc
1033 2652 1161 2735 justum
1180 2650 1223 2713 sit
1244 2650 1301 2713 eli·

348 2753 481 2817 minere.
526 2754 651 2817 Vestris
666 2754 754 2819 enim
768 2754 929 2837 obsequiis
943 2775 996 2817 me
1010 2760 1161 2837 paratum
1175 2773 1302 2836 semper

348 2857 488 2936 exhibui,
504 2878 564 2923 nec
579 2879 598 2921 e
613 2858 767 2922 fidelitate
782 2858 850 2921 ullu
863 2879 1008 2941 unquam
1021 2864 1134 2941 potero
1147 2856 1302 2921 verietate

348 2982 439 3025 casus
455 2961 556 3025 evelli.
596 2962 662 3027 Qui
676 2983 731 3025 vos
747 2960 896 3039 oderunt,
911 2961 983 3024 illos
997 2968 1090 3043 poter
1102 2960 1177 3024 odio
1190 2959 1300 3038 habui,

347 3072 381 3127 ct
394 3072 433 3127 ut
447 3066 481 3127 in
497 3064 646 3129 libertate
658 3066 788 3149 spiritns
800 3064 923 3147 aliquid
933 3063 1080 3142 audeam,
1091 3072 1198 3128 vestro
1208 3064 1302 3127 resis-

346 3175 453 3230 tentes
469 3167 592 3246 honori,
608 3176 794 3232 constanter
813 3167 985 3251 aliquando
1005 3167 1109 3250 repuli
1128 3167 1301 3251 peniteret

348 3268 479 3332 confudi
495 3276 612 3335 certus.

523 3676 742 3742 EPISTOLA
764 3678 954 3742 CLX-sn
971 3698 1125 3741 nunonis.

348 3829 555 3891 Patriciae!
570 3829 691 3892 domino
706 3849 824 3892 wmmo
832 3827 977 3911 pontifici
992 3830 1033 3891 A.
1041 3828 1151 3910 frater
1163 3830 1202 3891 G.
1217 3828 1300 3892 Loa-

390 3932 545 3994 doaieasis
563 3933 696 3995 eccleciae
715 3932 866 4010 minister,
886 3934 1013 3995 sicem
1032 3937 1063 3995 et
1082 3952 1161 3994 vere
1181 3931 1300 3994 dilecti·

390 4036 458 4097 onis
473 4034 626 4117 affectum,
642 4040 672 4098 et
686 4035 812 4097 humilis
827 4035 1004 4098 obedientie
1010 4034 1212 4115 famulatum.

391 4185 433 4247 In
452 4184 659 4263 exsolvendis,
682 4192 783 4269 peter,
805 4184 970 4249 sanctitati
989 4190 1103 4249 vestrae
1123 4183 1302 4267 gratiarum

347 4287 537 4367 actionibus,
568 4294 678 4352 nostre
714 4288 809 4371 plane
846 4286 1027 4351 succumbit
1056 4286 1233 4364 humilitas,
1263 4306 1302 4350 eo
