3225 5192
271 613 336 656 au.
354 587 553 676 neo-oa]
600 611 813 656 enocrsrsrn
828 612 1005 656 srrsronn.
1179 593 1223 656 49

184 747 191 762 ¹
268 730 423 808 illuceret,
438 735 473 795 et
493 729 530 793 i'n
547 729 601 796 sni
623 727 839 794 imitationem
861 727 1025 793 mirabiles
1045 727 1221 793 multorum
1256 747 1260 757 ·

165 839 170 847 ‘
269 834 429 917 appetitus
459 832 659 911 accenderet,
689 833 794 915 majus
823 838 935 895 tamen
964 831 1086 914 aliquid
1112 830 1222 896 animo

268 935 477 1014 somniabam,
499 936 669 1018 lucemque
692 941 830 1013 tantam,
852 934 914 998 etsi
935 955 1003 998 non
1026 933 1086 997 snb
1112 933 1220 998 modio
1350 972 1359 992 .

249 1032 475 1114 'reconditam
491 1036 532 1101 ab
548 1036 760 1100 eminentiore
781 1042 893 1101 tamen
912 1035 1051 1119 quodem
1070 1035 1142 1100 loco
1158 1035 1220 1099 lirl-

268 1139 350 1222 goris
370 1139 420 1202 sui
438 1137 595 1226 beneficis
613 1139 830 1221 praestitnrsm
845 1138 986 1202 ecclesiae
1005 1159 1062 1222 spe
1077 1137 1219 1221 quadam

267 1249 354 1306 certa
368 1240 597 1325 concipiebam.
627 1241 735 1304 'Peneo
750 1240 837 1323 quod
851 1240 1014 1305 volebam:
1030 1240 1122 1304 video
1134 1241 1220 1324 quod

268 1344 444 1427 sperabam,
468 1351 507 1407 ut
532 1343 601 1427 jum
625 1364 746 1426 magna
770 1343 940 1427 pradicem
964 1364 1062 1426 opera
1087 1342 1221 1408 Domini

267 1447 426 1530 exquisita
443 1445 480 1510 in
497 1466 610 1510 omnes
624 1446 806 1509 voluntates
825 1447 905 1529 ejus.
951 1445 1003 1510 De
1017 1466 1082 1528 quo
1100 1467 1221 1528 magna

243 1568 399 1633 ‘operare
427 1549 529 1632 potui,
553 1569 673 1630 magna
697 1547 804 1612 videre
829 1549 900 1631 jam
925 1549 1039 1626 merui,
1063 1556 1097 1612 et
1122 1569 1219 1633 quem

267 1651 414 1716 dilexisse
433 1651 605 1736 justitiam,
621 1659 654 1714 et
670 1651 743 1716 odio
760 1649 911 1715 babuisse
927 1651 1132 1734 iniquitatem
1150 1672 1219 1716 non

267 1755 380 1820 dubito
401 1757 437 1820 in
459 1756 591 1820 oonsilio
611 1755 773 1839 justorum
797 1761 832 1819 et
854 1757 1103 1838 congregatione
1127 1775 1218 1821 sane·

266 1866 375 1923 torum
397 1881 417 1922 a
436 1857 532 1924 beato
554 1879 744 1942 summoque
766 1859 918 1941 pontifice
936 1859 1037 1924 totius
1056 1861 1219 1942 aeqnitatis

263 1961 339 2045 jura
360 1962 479 2026 dictam
496 1969 586 2026 totus
606 1961 775 2046 applaudo.
823 1962 912 2026 Hinc
927 1970 977 2026 est
997 1962 1083 2045 quod
1100 1964 1220 2046 gratia·

266 2085 339 2128 rum
364 2086 431 2129 non
453 2065 629 2128 sufficimus
658 2064 788 2142 actioni,
811 2065 899 2147 quod
919 2072 1046 2148 patrem
1070 2074 1219 2130 nostrum

266 2167 360 2232 Cant.
377 2167 588 2246 exhilarastis,
604 2165 690 2250 quod
705 2167 870 2232 ecclesiam
885 2167 956 2251 ejus
970 2167 1006 2231 in
1023 2167 1218 2250 dignitatem

265 2270 435 2354 pristinam
448 2270 656 2347 reformastis,
667 2277 706 2333 ut
720 2291 793 2353 qnae
807 2271 924 2334 mutila
936 2270 1017 2336 facie
1036 2271 1218 2337 incedebat.

266 2373 355 2437 Hinc
379 2373 671 2457 archiepiscopalem
701 2374 812 2456 gloria,
836 2373 926 2438 illinc
950 2375 1036 2439 soliti
1061 2375 1219 2458 primatus

265 2475 387 2540 bonore
401 2476 470 2560 jam
484 2477 581 2560 pleua
599 2476 672 2539 luce
686 2475 835 2558 refulget.
880 2477 925 2540 Et
939 2475 1094 2541 divinitus
1109 2484 1219 2541 actum

265 2587 314 2643 est
336 2587 375 2642 ut
396 2580 437 2643 de
458 2579 548 2643 fonte
565 2579 702 2662 justitiae
723 2578 793 2661 ipsa
807 2586 913 2643 vestra
930 2579 1131 2663 promotione
1145 2599 1218 2663 pro-

266 2682 392 2746 cederet
416 2690 450 2746 et
476 2683 578 2765 pietas
604 2681 640 2745 in
666 2703 733 2746 nos.
781 2683 946 2764 Rogamus
973 2680 1161 2746 benevolam
1186 2688 1221 2746 et

266 2784 441 2868 benignam
474 2784 568 2848 nobis
597 2805 723 2868 semper
752 2785 891 2868 gretiam
919 2792 1067 2862 vestram
1097 2791 1131 2848 et
1159 2805 1218 2867 pro

266 2887 400 2952 Domini
429 2889 509 2953 Jesu
542 2888 723 2952 reverentia
756 2887 944 2971 suppliciter
978 2909 1146 2952 exoramus
1178 2895 1218 2952 ut

266 2998 376 3056 nostro
400 2991 545 3056 Arnsldo
574 3013 709 3056 manum
734 2991 960 3056 misericordius
987 2990 1158 3075 porrigatis
1183 2999 1217 3056 et

266 3102 378 3158 vestrae
395 3094 515 3158 fretum
531 3094 661 3178 pietatis
684 3093 802 3162 auxilio
822 3094 934 3158 lectum
953 3094 996 3159 ad
1014 3095 1143 3178 propris
1165 3115 1215 3160 ro·

266 3197 413 3260 mittatis.
461 3197 556 3260 Scitis
579 3218 677 3280 quam
699 3197 854 3260 indecens
875 3197 917 3261 sit
937 3203 973 3262 et
993 3197 1217 3281 importunum

267 3299 417 3364 clericum
441 3299 565 3365 bonum
587 3301 623 3363 in
644 3299 789 3384 publices
812 3300 960 3384 jamdiu
985 3301 1217 3383 gratulationes

266 3410 460 3487 susceptum,
472 3404 540 3488 jam
552 3424 641 3467 nunc
652 3402 862 3466 emendicatis
872 3403 1034 3468 elaborare
1045 3402 1216 3485 suffragiis,

266 3611 373 3678 inedia
391 3612 592 3696 praegravari.
638 3610 774 3676 Confido
791 3609 833 3674 de
850 3609 992 3674 Domino
1009 3629 1082 3674 meo
1099 3610 1216 3693 magis·

266 3723 379 3799 troque
401 3715 564 3779 carissimo
589 3723 628 3778 ut
651 3713 755 3778 cordis
779 3714 830 3777 sui
858 3713 966 3778 locum
990 3711 1217 3776 misericordiae

267 3839 391 3901 semper
409 3817 541 3901 aperiat,
557 3825 591 3881 et
608 3825 676 3881 tam
695 3816 772 3880 huie
786 3837 884 3899 quarn
899 3815 1022 3880 caeteris
1043 3814 1216 3880 Salesberi·

267 3921 350 3984 ensis
379 3919 521 3985 eeclesiae
549 3920 671 3986 clericis
696 3921 765 4003 jam
795 3919 938 3983 instante
967 3921 1158 3985 necessitate
1183 3926 1219 3983 et

266 4023 472 4088 vehementer
485 4029 623 4105 urgente
636 4027 830 4106 tempestate
840 4021 1019 4086 subveniat.
1042 4021 1218 4086 Conservet

266 4126 469 4209 omnipotens
489 4125 650 4190 Dominus
669 4123 863 4206 magistrum
877 4132 910 4188 et
925 4123 1094 4189 dominum
1109 4143 1217 4185 meum

265 4229 300 4292 in
314 4232 462 4313 tempora
475 4230 574 4312 longe
587 4228 728 4292 ecelesiae
742 4249 810 4292 suae
824 4227 1041 4311 profuturnm.

735 4354 754 4396 s
