3225 5192
268 704 336 750 sn.
357 682 553 771 1161-89.]
600 703 840 747 nosnoamssrs
855 704 1032 747 nrrsronrs.
1160 688 1223 747 229

267 822 377 885 tuisse.
421 820 574 886 Instante
598 822 707 905 itaque
733 821 887 900 Henrico,
911 828 945 884 et
974 820 1010 883 in
1036 821 1222 904 jamdictis

266 925 399 989 decimis
428 925 569 989 ecclesiae
598 948 664 989 suae
690 927 744 1009 jus
773 944 946 989 numerosa
971 924 1103 988 testium
1131 924 1223 1006 copia

268 1028 449 1107 declaravit,
468 1050 502 1093 se
521 1030 619 1093 etiam
639 1029 766 1093 easdem
785 1028 964 1113 percepisse
979 1029 1048 1092 viva
1062 1048 1138 1092 voce
1157 1036 1221 1090 tes·

182 1176 190 1190 .
266 1132 351 1195 tium
373 1132 573 1210 ostendente,
594 1140 627 1195 et
649 1153 688 1196 ea
710 1154 781 1215 quae
802 1132 987 1215 possederat
1009 1131 1071 1195 sibi
1092 1132 1220 1195 restitui

267 1236 462 1319 postulante,
477 1236 660 1299 Willelmus
677 1242 797 1299 nostre
813 1234 978 1297 declinans
989 1233 1222 1317 jurisdictionis

267 1360 413 1416 examen,
432 1339 473 1402 ad
495 1346 608 1403 vestrae
630 1336 839 1401 sublimitatis
861 1336 1060 1400 audientiam
1082 1336 1220 1419 appella-

266 1443 323 1521 vit,
339 1450 372 1506 et
386 1442 591 1525 appellationi
612 1442 697 1505 diem
717 1441 837 1504 festum
852 1440 1010 1503 Omnium
1027 1439 1222 1503 Sanctorum

267 1546 447 1609 constitnit.
492 1545 608 1609 Valere
623 1566 678 1609 vos
693 1554 843 1628 optamus
858 1545 894 1607 in
908 1543 1060 1622 Domino,
1075 1550 1168 1627 pater
1186 1543 1222 1606 in

269 1650 400 1713 Christo
412 1650 585 1714 carissime

405 1966 625 2031 EPISTOLA
647 1965 909 2031 CLXVIL-sn
925 1985 1081 2029 ananan.

269 2118 362 2179 Patri
375 2138 429 2180 etto
444 2125 474 2181 et
490 2118 610 2181 domino
625 2138 741 2181 summo
749 2116 895 2199 pontifici
909 2118 950 2180 Α.
956 2120 1070 2198 frater
1083 2118 1121 2179 G.
1137 2114 1219 2178 Loa-

312 2221 465 2284 donieasis
486 2223 619 2285 ecclesie
641 2222 792 2299 minister,
809 2220 943 2301 pedibus
961 2221 1079 2283 sanctia
1099 2219 1220 2281 concrct-

311 2330 380 2387 ccto
396 2324 506 2401 Satara,
521 2327 555 2387 irc
573 2326 696 2389 Christo
712 2326 904 2405 triumphare
910 2323 1061 2404 feliciter.

313 2474 420 2540 Quum
442 2475 483 2539 ad
502 2485 650 2554 vestram,
671 2484 763 2559 pater
782 2476 818 2537 in
833 2474 962 2538 Christo
980 2473 1105 2549 dilecte,
1121 2470 1220 2535 subli-

268 2579 416 2642 mitatem
441 2579 597 2659 omnium,
624 2580 669 2645 sic
696 2579 887 2662 disponente
916 2576 1069 2654 Domino,
1100 2583 1220 2658 spectet

268 2684 474 2749 ecelesiarum
493 2685 683 2764 sollicitudo,
699 2685 745 2749 ad
763 2706 818 2748 eas
838 2692 949 2747 tamen
969 2682 1078 2747 oculos
1098 2680 1221 2744 miseri-

268 2788 384 2852 cordiae
397 2788 549 2853 reducere
569 2788 742 2871 benignius
762 2809 891 2871 aequum
911 2794 970 2863 est,
986 2807 1066 2869 qnos
1087 2784 1222 2866 amplior

268 2891 473 2955 commendat
487 2892 613 2970 caritas,
629 2899 662 2955 et
678 2892 719 2955 ad
734 2912 847 2955 omnes
862 2890 1006 2973 obsequii
1021 2888 1127 2951 devoti
1147 2908 1220 2969 pro-

267 2994 396 3077 pensior
413 2994 448 3059 in
467 2995 601 3059 caritate
616 2994 811 3077 benignitas.
857 2992 955 3059 Quod
971 2992 1047 3075 quia
1061 2992 1098 3053 in
1114 2990 1219 3053 Pisca-

268 3099 372 3162 mensi
386 3099 519 3163 ecelesia
534 3098 590 3162 diu
604 3098 743 3181 viguisse
758 3098 828 3181 ipsa
841 3119 950 3161 rerum
966 3096 1078 3159 edocet
1098 3093 1220 3176 experi-

266 3202 366 3281 entia,
395 3201 435 3266 ad
466 3204 671 3266 emetitatem
699 3210 848 3279 vestram,
872 3200 925 3264 cui
954 3207 1067 3263 sancta
1094 3198 1219 3281 placere

268 3305 375 3369 studia
397 3306 469 3370 luee
492 3306 611 3369 clarius
636 3304 795 3384 enitescit,
819 3306 855 3368 in
878 3326 917 3368 ea
941 3324 1004 3387 qua
1029 3301 1153 3367 laborat
1178 3302 1219 3364 ad

267 3430 406 3492 praesens
428 3410 619 3473 necessitate
640 3408 776 3473 recurrit
798 3428 873 3471 cum
895 3406 1023 3483 fiducia,
1046 3404 1123 3468 inde
1147 3426 1221 3487 pro·

267 3520 440 3576 venturum
462 3512 523 3576 sibi
546 3534 677 3595 sperans
700 3511 865 3587 auxilium,
887 3509 976 3573 unde
998 3510 1116 3593 quique
1139 3509 1220 3571 refe·

267 3624 345 3679 runt
363 3622 522 3699 optatum,
544 3615 761 3680 misericordia
783 3613 844 3677 sibi
865 3612 1072 3677 laudabiliter
1093 3634 1220 3695 eompa-

267 3719 380 3799 tiente,
395 3718 585 3782 remedium.
631 3718 713 3784 Quae
727 3718 887 3781 nimirum
905 3716 995 3780 hoste
1016 3716 1142 3799 generis
1161 3715 1222 3777 hu·

269 3822 356 3886 mani
377 3822 522 3887 fidelium
543 3842 668 3905 semper
689 3820 857 3885 invidente
878 3818 1077 3884 successibus
1101 3818 1222 3882 casuali

269 3946 371 4009 nuper
384 3924 536 3989 incendio
549 3930 754 3989 concremata
773 3923 815 3987 ad
836 3924 897 3988 hoc
917 3922 1053 3987 miseriae
1067 3922 1224 4006 perducta

268 4037 327 4106 est,
342 4037 381 4094 ut
396 4052 469 4113 quae
485 4030 677 4095 nobilissimi
697 4028 821 4093 dudum
841 4028 947 4093 fuerat
968 4034 1146 4092 conventus
1166 4026 1224 4088 ha-

268 4132 447 4198 bitaculum
463 4155 652 4219 pauperum,
667 4133 920 4217 peregrinorum,
937 4142 970 4197 et
985 4131 1135 4215 hospitali
1151 4150 1222 4211 gra·

267 4237 315 4301 tia
335 4238 552 4323 indigentium
575 4258 851 4322 quorumcumque
870 4237 1045 4320 refugium,
1065 4234 1133 4317 jam
1155 4252 1223 4294 non

269 4340 385 4406 habeat
410 4342 467 4406 ubi
491 4352 587 4426 caput
610 4342 754 4421 reclinet,
778 4340 837 4405 ubi
860 4340 970 4405 divina
992 4336 1143 4415 celebret,
1166 4335 1223 4397 ubi
