3225 5192
397 708 458 773 1⁷8
716 722 874 765 omnnium
889 720 1033 766 erucem

393 841 516 922 feceris,
533 840 726 927 patientiam
745 838 836 917 mihi,
857 836 1040 903 molestiam
1059 836 1121 903 tibi
1140 838 1353 903 necessariam

392 946 526 1010 aestimo.
571 944 807 1007 Verumtamen
828 941 917 1007 iuter
936 940 1094 1005 molestiae
1115 942 1206 1020 fines,
1227 948 1262 1005 te
1282 941 1352 1005 lan·

393 1048 544 1113 debiliter
568 1067 678 1132 quaeso
704 1046 882 1111 contineas.
927 1042 964 1107 si
986 1043 1120 1130 quidem
1144 1044 1278 1107 militari
1300 1064 1353 1108 me

393 1152 559 1217 crederem
590 1168 822 1234 usquequaque
850 1148 994 1231 negotio,
1019 1147 1096 1232 quia
1120 1155 1155 1213 te
1180 1148 1217 1211 in
1241 1148 1353 1231 hujus-

394 1254 484 1321 modi
506 1253 583 1318 satis
606 1259 775 1335 expertum
794 1272 863 1315 non
882 1249 1023 1333 ambigo,
1044 1250 1215 1315 eonsilium
1235 1251 1272 1314 in
1293 1250 1354 1315 boc

393 1365 490 1423 tuum
520 1355 611 1421 omni
636 1354 840 1439 jocunditate
866 1353 1105 1436 complecterer.
1149 1354 1201 1417 'l'u
1225 1373 1352 1436 qnoque

396 1460 472 1546 quia
490 1460 527 1523 in
547 1480 697 1542 campum
719 1457 887 1521 literarum
913 1462 947 1521 et
971 1477 1142 1521 causarum
1164 1456 1352 1521 ecclesiasti-

395 1586 506 1631 carum
525 1586 593 1629 nou
615 1562 821 1627 mediocriter
839 1560 1013 1645 impegisti,
1030 1561 1125 1626 amici
1147 1582 1255 1645 qureso
1276 1582 1352 1625 eon-

396 1668 504 1731 silium
526 1686 569 1729 ne
589 1664 754 1749 despicias.
798 1664 886 1728 Nam
906 1663 982 1747 quia
999 1662 1036 1727 in
1055 1662 1153 1728 rebus
1167 1663 1353 1748 hujusmodi

396 1792 512 1849 meam,
527 1776 565 1835 ut
585 1770 632 1834 ita
652 1769 767 1849 dicam,
782 1774 914 1833 aetatem
931 1768 1126 1852 consumpsi,
1146 1768 1228 1832 mihi
1246 1768 1353 1852 aliqua

396 1874 512 1939 saltem
534 1873 756 1957 magisterium
777 1872 840 1937 hoc
858 1871 932 1955 jure
953 1871 1093 1955 quodam
1113 1871 1224 1936 videor
1243 1872 1353 1936 vendi·

397 1998 480 2043 care.
537 1976 702 2059 Scriptum
727 1975 854 2039 noveris
880 1974 1060 2038 carissime:
1093 1974 1243 2039 ‘Novum
1268 1960 1375 2058 qned‘

395 2079 549 2165 postulas,
571 2099 639 2142 non
660 2084 719 2156 est,
735 2076 822 2161 quod
844 2076 906 2141 etsi
927 2076 1074 2160 remripti
1096 2078 1160 2141 mei
1182 2078 1355 2143 auctoritas

396 2180 624 2260 intercesserit,
648 2179 843 2264 provocandi
857 2187 970 2245 tamen
983 2179 1121 2245 facultas
1134 2202 1203 2245 non
1217 2180 1355 2265 denege-

395 2284 473 2351 tur!
519 2284 608 2348 Hinc
629 2281 760 2367 quidem
781 2289 873 2367 patet
893 2290 968 2367 post
989 2290 1154 2368 susceptas
1170 2282 1293 2348 domini
1309 2284 1354 2348 le-

397 2389 466 2474 gati
488 2389 610 2467 literas,
632 2410 685 2453 me
708 2387 861 2452 comitem
883 2388 924 2453 ab
947 2388 1162 2472 appellatione
1184 2388 1354 2471 prohibere

397 2515 465 2559 non
488 2493 638 2577 potuisse.
685 2492 772 2557 Item
794 2492 866 2556 loco
885 2499 959 2576 post
978 2492 1072 2555 illum
1090 2493 1236 2577 proximo
1255 2493 1353 2576 scrip

397 2606 471 2665 tum
503 2598 641 2663 noveris.
695 2597 942 2680 ‘Appellatione
977 2596 1178 2681 interposita,
1207 2596 1284 2661 licet
1312 2596 1353 2661 ab
1372 2647 1390 2680 μ

260 2763 266 2773 .
395 2704 505 2790 judice
533 2704 701 2790 repudiata
727 2704 779 2783 sit,
805 2704 842 2767 in
867 2704 1090 2789 praejudicium
1115 2702 1354 2769 deliberationis

399 2810 482 2873 nihil
495 2809 566 2874 fieri
581 2808 708 2887 debere,
724 2814 757 2873 et
775 2807 812 2871 iu
829 2828 868 2871 ec
882 2814 972 2871 statu
986 2806 1096 2871 omnia
1109 2828 1179 2871 esse
1193 2828 1258 2891 quo
1271 2813 1353 2871 tem-

398 2933 476 2995 pore
497 2910 770 2996 pronuntiationis
791 2910 925 2974 fuerunt
945 2911 1119 2994 saepissime
1138 2910 1353 2975 constitutum

400 3016 471 3079 est!
498 3014 596 3079 Unde
610 3013 781 3079 manifeste
797 3014 1004 3096 cognoscitur
1017 3021 1091 3097 post
1106 3012 1353 3097 appellationem

280 3135 285 3144 ·
398 3117 528 3195 factam,
546 3116 627 3181 mihi
645 3115 818 3199 quicquam
831 3116 917 3180 circa
936 3122 1059 3181 statum
1079 3116 1281 3201 appellantis,
1297 3122 1353 3180 aut

398 3217 572 3283 interdicto
602 3226 659 3283 aut
689 3218 897 3283 anathemate
926 3218 1081 3283 innovare
1113 3240 1182 3284 non
1217 3219 1354 3284 licuisse.

402 3321 467 3386 Sed
485 3321 521 3386 id
538 3322 673 3387 fortasse
693 3344 713 3385 a
732 3321 904 3401 sententia,
924 3342 993 3387 non
1012 3320 1053 3387 ab
1074 3322 1265 3387 executione
1283 3344 1354 3387 seu·

399 3424 511 3488 tentiae
526 3424 702 3508 appellanti
715 3446 784 3489 non
799 3424 995 3489 attribuisse.
1041 3424 1107 3489 Sed
1126 3425 1283 3509 scriptum
1296 3448 1355 3491 no·

399 3527 482 3591 veris
493 3552 500 3593 ε
511 3520 599 3611 bquia
617 3526 754 3611 judicati
777 3527 924 3592 executio
939 3527 1092 3612 suspendi
1111 3529 1247 3608 solet,si
1267 3528 1354 3593 falsis
1373 3504 1400 3551 ν

399 3628 647 3714 allegationibus
672 3631 926 3695 circumventam
954 3652 1024 3696 esse
1052 3630 1243 3716 religionem
1268 3631 1355 3717 judi-

399 3733 504 3797 cantis
525 3733 551 3796 is
574 3740 687 3797 contra
702 3754 798 3817 quem
813 3733 995 3818 judicatum
1010 3741 1139 3800 constat
1153 3756 1223 3801 esse
1236 3735 1354 3818 promi-

401 3836 487 3899 serit.
534 3834 629 3901 Quod
655 3837 730 3920 quia
755 3856 862 3902 comes
888 3836 941 3901 die
965 3838 1113 3921 proximo
1137 3831 1211 3922 post
1234 3839 1355 3902 festum

399 3938 486 4003 beati
508 3939 675 4003 Laurentii
696 3960 729 4004 se
749 3941 912 4005 facturum
930 3942 1054 4020 asserit,
1069 3961 1129 4006 nos
1147 3947 1186 4006 ut
1206 3964 1226 4006 a
1244 3950 1357 4006 nostra

401 4043 441 4106 ad
456 4064 596 4125 praesens
608 4043 833 4127 jurisdictione
844 4044 989 4128 elapsum
1002 4045 1233 4109 inconcussum
1247 4045 1354 4109 dimit-

332 4146 344 4159 “
399 4147 510 4225 timus,
526 4152 559 4210 et
579 4145 685 4229 ipsum
699 4167 767 4209 una
787 4166 863 4210 cum
883 4148 986 4211 literis
1005 4148 1125 4212 nostris
1143 4148 1291 4213 ordinem
1309 4148 1357 4212 rei

401 4254 500 4333 gestae
522 4249 773 4329 continentibus,
795 4250 928 4315 domino
949 4253 1057 4335 legato
1073 4250 1170 4336 juxta
1189 4253 1299 4336 legum
1322 4259 1355 4317 et

278 4358 280 4363 ’
400 4376 563 4419 canonum
576 4354 800 4418 auctoritatem
817 4355 1060 4419 committimus.
1092 4355 1220 4421 Valete.
