3225 5192
305 701 373 747 ιιι.
391 681 590 766 1189-48.]
638 699 851 746 osoossrms
865 699 1042 747 srrsrons.
1217 682 1260 748 86

304 820 471 886 ecclesium
486 841 579 886 susm
593 818 635 886 de
651 821 813 887 Stentona
825 820 978 905 paschis
991 820 1032 886 de
1046 841 1175 888 cernere
1188 841 1261 906 qnss

304 929 391 988 terra
416 923 564 1008 quedam
590 929 640 988 est
662 923 751 988 besti
774 924 923 1009 Dionysii
946 925 1067 1008 injuste
1092 923 1261 1008 spoliatam

303 1026 411 1092 fuisse.
437 1025 634 1090 Asserebant
645 1047 720 1092 vero
732 1026 920 1111 predictam
931 1026 1097 1092 ecelesiam
1110 1026 1150 1091 de
1162 1027 1259 1091 Sten-

302 1129 426 1192 tonain
437 1129 746 1194 terrailladeMoru
754 1129 1260 1214 parochialiejuratsminsplri·

302 1231 446 1296 tualibus
460 1253 557 1315 quem
571 1231 605 1295 in
620 1230 850 1315 temporalibus
860 1232 1015 1296 continue
1029 1238 1064 1298 et
1078 1232 1186 1316 quiete
1201 1231 1258 1296 tri-

304 1333 397 1416 ginta
410 1341 445 1398 et
460 1355 498 1398 eo
513 1334 652 1418 mplius
666 1335 760 1399 annis
774 1334 936 1399 habuisse.
975 1336 1085 1420 Hujus
1098 1336 1147 1400 rei
1160 1343 1260 1401 testes

303 1436 525 1519 producebant
546 1437 583 1502 in
604 1437 749 1502 medium
772 1437 979 1522 quamplures
1000 1439 1186 1518 monachos,
1209 1459 1259 1503 ss·

303 1538 459 1619 cmdotes,
485 1547 519 1604 et
550 1540 680 1605 clericos
703 1541 834 1617 multos,
859 1540 1013 1605 honestos
1039 1542 1138 1605 etism
1162 1541 1260 1605 laicos

303 1662 371 1706 non
394 1663 513 1726 paucos
541 1642 725 1728 probationi
744 1642 905 1727 predictae
930 1643 1147 1727 possessionis,
1172 1643 1199 1708 si
1220 1643 1260 1708 iis

303 1745 540 1828 adjudicaretur
560 1746 788 1830 paratissimos.
835 1746 1049 1811 Postulabaut
1069 1745 1180 1830 itaque
1196 1747 1261 1814 Ra·

304 1845 476 1930 dingenses
490 1848 714 1932 probationem
730 1869 823 1913 suam
837 1849 956 1933 suscipi
971 1856 1068 1933 seque
1086 1849 1123 1913 in
1136 1871 1261 1933 posses-

302 1951 426 2015 sionem
439 1950 560 2016 induci.
609 1951 674 2015 Sed
692 1950 843 2016 dominns
858 1951 1034 2017 Roderieus
1054 1957 1088 2016 et
1108 1952 1164 2035 qui
1184 1972 1261 2016 cnm

303 2075 342 2118 eo
353 2055 483 2119 stabant
494 2077 512 2119 e
523 2055 685 2120 contrusio
696 2053 900 2140 perorabant.
925 2053 1065 2118 Aiebant
1079 2075 1154 2120 vero
1165 2075 1262 2140 super

304 2155 365 2221 hac
379 2179 415 2222 re
427 2155 686 2242 Redingensium
701 2178 762 2222 nec
777 2156 895 2222 debere
909 2155 1133 2241 probationem
1144 2157 1262 2240 suscipi

303 2279 364 2321 nec
385 2258 473 2356 ipsoq
492 2265 640 2342 oportere
663 2258 863 2342 possessione
881 2258 1036 2343 praedicta
1058 2259 1263 2344 aliquatenus

305 2358 459 2424 investiri.
492 2360 588 2426 Hauc
603 2359 788 2443 parochiam
802 2358 839 2423 in
852 2359 1019 2444 integrum
1035 2360 1076 2426 de
1087 2362 1161 2446 jure
1175 2361 1263 2427 beati

304 2459 454 2546 Dionysii
465 2481 534 2526 esse
546 2461 707 2540 dicebant,
720 2468 754 2526 et
769 2461 810 2526 ad
824 2463 991 2528 ecelesiam
1002 2485 1097 2530 susm
1110 2463 1152 2530 de
1166 2465 1262 2529 'Pein-

302 2569 383 2628 tons
405 2583 473 2628 non
494 2583 578 2628 nove
596 2563 735 2647 quedam
752 2566 975 2650 'usurpatione
996 2566 1053 2631 sed
1072 2566 1209 2650 entique
1229 2573 1263 2632 et

303 2665 394 2748 longi
416 2665 570 2748 temporis
592 2666 825 2751 proscriptione
848 2668 1020 2752 pertinere.
1064 2669 1263 2733 Constantes

306 2766 492 2832 asserebant
507 2768 674 2834 ecclesiam
689 2789 780 2834 suem
799 2769 841 2834 de
855 2769 1016 2834 'Peintona
1030 2791 1050 2835 a
1063 2770 1168 2854 prims
1187 2770 1262 2834 firn-

304 2870 435 2936 dstione
464 2892 523 2936 sua
551 2870 722 2955 plusquam
752 2872 922 2955 sexaginte
950 2872 1046 2936 annis
1074 2872 1262 2956 predictum

303 2973 539 3057 possessionem
559 2973 715 3038 continue
729 2979 763 3040 et
783 2975 893 3058 quiete
912 2974 1099 3059 possedisse,
1115 2996 1149 3040 se
1163 2973 1263 3040 etiem

305 3076 411 3141 adhuc
424 3076 546 3162 inipso
564 3077 700 3142 sotionis
721 3077 774 3143 die
788 3078 902 3142 eadem
919 3078 1117 3162 possessione
1130 3077 1263 3142 investi·

307 3185 357 3246 tos
386 3180 423 3244 in
451 3181 523 3264 ipsa
557 3187 714 3266 tunquam
745 3203 804 3246 sua
832 3181 1017 3246 consistere.
1066 3181 1263 3247 Assertionis

306 3283 406 3348 etiam
431 3305 501 3348 suae
524 3289 624 3350 testes
653 3283 875 3368 producebant
904 3283 1082 3348 Dominum
1111 3283 1264 3349 abbatem

304 3387 345 3451 de
355 3387 542 3470 Egreshem
557 3395 590 3451 et
605 3393 783 3452 conventus
794 3388 864 3472 ejus
874 3394 1000 3472 partem
1014 3409 1081 3451 non
1092 3387 1262 3467 modicam,

304 3489 448 3573 aliosque
462 3489 643 3554 secerdotes
658 3489 788 3555 clericos
803 3497 839 3555 et
852 3491 1058 3574 quamplures
1075 3490 1173 3554 laicos
1187 3510 1262 3574 pro·

303 3591 428 3656 bationi
457 3592 722 3678 promptissimos.
772 3593 935 3660 Quoniam
963 3593 1064 3677 igitur
1091 3593 1127 3656 in
1156 3594 1263 3658 caud·

303 3695 491 3780 hujusmodi
505 3696 683 3761 meliorest
698 3695 887 3760 affirmantis
904 3703 939 3760 et
958 3694 1149 3779 possidentis
1164 3715 1263 3780 quam

304 3797 506 3864 solummodo
520 3798 696 3882 repetentis
710 3797 862 3874 conditio,
874 3797 1097 3881 probationem
1111 3796 1261 3880 possessi·

305 3901 376 3966 onis
393 3923 460 3966 suae
474 3901 658 3986 postulabat
673 3900 824 3966 dominus
839 3899 1016 3966 Bodericus
1031 3899 1148 3982 suscipi
1164 3919 1263 3982 seque

305 4003 457 4088 deinceps
473 4003 703 4070 inconcussum
718 4004 746 4066 si
755 4003 883 4088 justum
893 4003 977 4068 foret
987 4001 1119 4067 dimitti.
1151 4002 1263 4070 Quum

304 4105 415 4190 itaque
430 4106 470 4171 de
485 4105 621 4190 singulis
635 4126 710 4170 oum
722 4104 855 4170 domino
867 4104 1120 4183 Herelordiensi,
1129 4104 1264 4169 Deeano

307 4206 539 4289 lundoniensi,
570 4208 794 4274 archidiacono
820 4207 964 4287 Oxonise,
993 4207 1172 4290 ceterisque
1193 4205 1265 4270 eliis

306 4310 383 4376 viris
405 4311 462 4396 qui
481 4317 699 4378 convenerant
714 4309 970 4389 decerneremus,
984 4309 1076 4374 nulls
1094 4307 1171 4374 date
1192 4327 1266 4374 sen·

759 4414 817 4477 oe
