3225 5192
195 641 208 661 i
260 655 326 749 ain.
345 681 542 765 nol-aa]
593 698 1035 746 nosnourrusrsmsrona.
1147 679 1209 742 265

175 867 179 874 -
209 836 214 844 ·
254 827 309 885 -est
331 841 427 903 quam
450 817 664 902 appellatione
685 822 811 887 remota
831 816 1014 899 apostoliea,
1036 817 1211 884 terminare

171 972 175 981 .
212 933 219 942 “
254 923 352 1007 jussit
376 921 559 985 auctoritas.
604 917 692 981 Nam
714 918 750 980 in
774 939 839 1002 qua
861 914 950 982 aliud
974 915 1157 983 intenditur
1178 928 1211 985 et

259 1025 348 1090 alind
366 1022 590 1114 respondetur,
606 1028 639 1085 et
663 1021 825 1106 sententia
847 1040 977 1104 prorsus
995 1009 1066 1086 'alia
1088 1021 1211 1088 deside-

206 1169 212 1178 ·
258 1136 351 1192 ratur
374 1126 437 1190 alia
459 1123 669 1208 proculdubio
690 1144 786 1186 cansa
809 1143 877 1187 esse
898 1124 1086 1210 dinoscitur.
1130 1126 1211 1209 Agit

121 1299 127 1307 ,
175 1219 184 1286 .:'
258 1231 367 1314 itaque
390 1229 418 1292 si
440 1229 545 1311 placet
565 1234 672 1304 vestra
692 1225 858 1304 modestia,
874 1234 912 1290 ut
933 1227 1129 1292 relaxatione
1151 1229 1212 1294 hac

120 1314 126 1322 ¹
165 1346 169 1352 ’
259 1333 398 1397 amicum
425 1337 565 1394 vestrum
594 1328 751 1394 humilem
781 1329 968 1410 exaudiatis,
994 1338 1027 1394 et
1056 1332 1212 1397 honorem

260 1436 406 1500 debitum
440 1441 474 1497 et
499 1434 601 1511 firme,
626 1437 664 1496 ut
693 1431 826 1510 aestimo,
854 1431 1048 1516 promissum
1079 1434 1212 1500 domino

258 1559 350 1622 papae
366 1536 553 1614 exhibeatis,
570 1541 603 1600 et
619 1537 673 1618 jus
694 1534 845 1613 Baldrioi,
860 1535 888 1598 si
903 1535 989 1618 quod
1008 1534 1121 1614 habet,
1133 1544 1166 1600 et
1184 1538 1212 1602 si

259 1642 295 1704 in
309 1647 437 1722 tempus
452 1638 589 1702 dilatum
604 1642 702 1716 recte,
717 1637 754 1700 in
768 1637 859 1703 nullo
874 1647 982 1702 tamen
998 1639 1162 1721 minuatis,
1178 1648 1213 1705 et

260 1745 305 1808 sio
319 1766 339 1807 a
352 1743 483 1807 tramite
502 1742 648 1826 legitimo
667 1743 703 1804 in
723 1741 844 1806 nullius
859 1742 1015 1806 offensam
1030 1743 1079 1806 vel
1092 1743 1128 1806 in
1143 1764 1210 1808 mo·

260 1847 331 1911 dico
358 1846 551 1924 recedendo,
574 1846 722 1910 universa
748 1844 892 1928 jocundo
921 1846 985 1910 lina
1014 1847 1210 1930 compleatis.

260 1951 385 2015 Valete.

282 2355 502 2422 EPISTOLA
524 2354 764 2420 exora-n>
780 2377 929 2422 rnouau
946 2379 1184 2425 narraremu-

541 2479 608 2523 sau
624 2480 935 2526 aaoarnrrscornu.

267 2664 440 2727 Venerabili
455 2665 577 2729 domino
592 2671 623 2730 et
630 2667 723 2746 patri
742 2667 776 2728 in
794 2667 917 2730 Christo
935 2667 1056 2730 iliam
1073 2670 1209 2734 Gomoa-

302 2769 397 2830 riensi
413 2771 641 2850 archiepiscopo
660 2769 817 2833 Gilbertm
835 2769 1059 2834 Londonicncir
1077 2775 1211 2838 eccam

303 2871 452 2950 minutor,
467 2874 608 2936 salutem.

303 3074 551 3139 Munrlrnromr
584 3075 677 3141 nobis
706 3084 739 3140 et
769 3076 920 3141 diffusam
947 3079 1013 3143 late
1041 3083 1210 3146 materiam

259 3177 418 3261 profunde
439 3185 531 3260 pater
553 3186 585 3242 et
605 3179 730 3261 copiose
749 3179 954 3244 rescribendo
974 3183 1161 3266 proponitis,
1177 3192 1211 3250 et

258 3301 319 3343 nos
333 3279 409 3342 licet
424 3301 521 3363 super
534 3281 747 3364 appellatione
762 3281 803 3345 ad
818 3283 986 3349 dominum
1003 3306 1119 3370 papam
1136 3288 1209 3371 pro·

259 3381 424 3464 sequenda
445 3382 605 3464 sollicitos,
621 3393 733 3450 vestrae
754 3391 867 3450 tamen
888 3387 1078 3453 sublimitati
1098 3393 1211 3456 reseri-

259 3483 344 3563 bere,
366 3485 455 3568 gravi
471 3487 599 3568 quidem
621 3494 654 3551 et
675 3509 735 3552 nos
757 3489 897 3572 graviter
916 3499 1054 3574 urgente
1073 3495 1208 3558 necessi-

259 3595 327 3651 tate
341 3587 541 3672 compellitis.
567 3590 702 3654 Emissis
717 3590 804 3655 enim
820 3591 954 3675 sparsim
969 3595 1080 3677 elogiis
1093 3617 1155 3660 nos
1169 3598 1209 3662 de

259 3697 329 3754 toto
348 3691 485 3754 fratrum
505 3699 688 3758 nostrorum
709 3694 844 3778 collegio
866 3717 1009 3760 seorsum
1028 3698 1148 3782 ponitis
1168 3701 1210 3766 ad
1246 3761 1251 3769 .

260 3791 407 3870 convitia,
423 3800 462 3856 ut
476 3792 682 3877 singulariter
695 3795 731 3859 in
745 3818 805 3860 nos
825 3805 858 3861 et
877 3798 904 3862 si
923 3797 1102 3865 immeritos
1117 3803 1210 3886 igno·

260 3892 396 3958 miniosa
406 3897 587 3978 congeratis
602 3905 635 3962 et
650 3898 776 3982 probra.
800 3900 905 3964 Sobrii
915 3923 1029 3967 sensus
1042 3903 1208 3971 hominem

260 3998 423 4080 gravitatis
451 4000 633 4065 reverendae
658 4023 839 4086 personam,
863 4005 1055 4089 magistrum
1082 4011 1209 4074 ratione

259 4101 443 4183 prelationis
458 4110 491 4167 et
507 4103 666 4188 dogmatis
681 4107 809 4171 veritati
827 4116 1009 4174 reverenter
1022 4111 1207 4188 obnoxium,

258 4204 376 4268 mirum
397 4213 445 4269 ost
466 4205 507 4268 ad
527 4207 623 4271 verba
642 4209 784 4273 veritatis
804 4212 957 4278 exarsisse
980 4219 1049 4276 tam
1071 4214 1210 4295 graviter

253 4313 290 4370 et
313 4308 400 4371 velut
423 4321 590 4374 evocatum
613 4312 652 4376 ad
675 4313 818 4393 oolleras,
834 4315 1054 4380 innocentiam
1076 4315 1134 4381 filii
1156 4319 1208 4403 pio
