3225 5192
371 711 420 772 24
618 725 780 773 arnnrsrr
797 724 1077 774 ronrorssssrrs

153 821 207 898 ἰ
251 790 297 839 '⁴
377 842 1335 930 snmrutilatquamsignstnmnihilavilibrussspidi·
1443 858 1450 870 '

376 945 453 1030 bus]
481 967 618 1031 gemmae
640 947 795 1012 differunt
816 947 881 1012 nisi
901 946 1118 1032 publicentur.
1164 947 1343 1014 Sententia

379 1068 506 1135 qnoque
528 1051 701 1116 distributa
722 1051 856 1136 suscipit
876 1051 1127 1131 incrementum,
1147 1057 1182 1116 et
1202 1069 1337 1118 ararum

379 1153 555 1238 dedignata
594 1175 819 1238 possessorem,
855 1153 919 1218 nisi
955 1153 1147 1238 publicetur,
1185 1153 1335 1218 elabitur.

380 1257 558 1336 Postremo,
573 1278 616 1322 ne
631 1257 710 1341 quid
722 1256 843 1322 hebeat
857 1251 1021 1322 excusatio
1035 1256 1270 1336 diverticulum,
1282 1255 1338 1320 de·
1432 1281 1438 1290 ·

380 1358 495 1424 sidiam
515 1366 660 1424 nostram
674 1360 882 1426 vehementer
900 1361 957 1426 illa
977 1361 1111 1425 Domini
1125 1381 1201 1426 voce
1215 1367 1337 1444 perter-

380 1483 476 1529 rens:
501 1463 599 1528 Serve
623 1483 774 1547 nsquam,
796 1484 896 1548 quare
916 1485 985 1530 non
1005 1462 1143 1547 posuisti
1163 1463 1336 1548 pecuniam

379 1587 487 1632 meam
501 1565 543 1630 ad
557 1585 712 1644 mensam,
734 1566 841 1631 multa
855 1565 986 1650 quidem
1001 1567 1048 1631 sic
1062 1565 1186 1650 colligis
1211 1572 1251 1630 ut
1271 1572 1338 1630 tor·

380 1689 492 1752 porem
507 1667 660 1746 excutias,
676 1668 811 1751 repellas
832 1669 1005 1751 ignavim,
1020 1675 1055 1733 et
1069 1690 1132 1747 me,
1148 1668 1200 1732 vir
1221 1689 1338 1733 ausum

382 1770 539 1834 hactenus
568 1769 696 1852 prodire
724 1769 761 1833 in
789 1769 966 1853 publicum,
993 1769 1034 1835 de
1059 1770 1195 1836 latibulo
1220 1769 1340 1834 silentii

382 1871 418 1936 in
436 1871 542 1935 lucem
563 1870 755 1955 eloquentia
773 1871 894 1936 nahas.
939 1873 1117 1957 Imperiosa
1132 1893 1187 1938 me
1205 1872 1340 1938 caritate

383 1994 547 2059 perurges.
592 1974 749 2056 Unquam
768 1996 822 2039 me
841 1974 878 2038 in
897 1996 952 2040 vos
971 1976 1028 2056 vis,
1046 1982 1085 2040 ut
1104 1997 1172 2041 non
1191 1975 1234 2040 sit
1254 1973 1340 2060 quod

384 2075 606 2160 respondeam,
622 2075 685 2140 nisi
706 2097 759 2140 me
781 2077 833 2141 vel
853 2099 921 2144 non
942 2099 1036 2163 posse
1057 2079 1145 2163 quod
1165 2078 1276 2162 exigis,
1291 2077 1342 2142 vel

386 2179 489 2244 amico
513 2178 600 2242 nolle
625 2186 778 2262 prestare
802 2181 889 2263 quod
912 2181 1041 2264 possim.
1088 2182 1217 2247 Horum
1241 2179 1342 2265 quod-

386 2301 515 2365 cunque
529 2261 731 2360 dixerim‚'eo
746 2283 856 2347 animo
870 2305 915 2362 es,
929 2291 968 2347 ut
983 2289 1041 2347 aut
1056 2284 1121 2349 doli
1140 2306 1195 2350 me
1215 2305 1343 2368 arguas,

387 2390 447 2449 sut
474 2383 620 2472 injuriae!
655 2385 841 2469 Utrumque
864 2406 983 2464 vereor,
1008 2391 1042 2450 et
1067 2387 1146 2451 dum
1169 2409 1268 2452 auree
1289 2406 1343 2450 me

387 2485 530 2552 caritatis
553 2485 707 2571 compede
729 2486 875 2552 vinctum
897 2494 1000 2567 tenes,
1023 2487 1106 2552 facio
1129 2487 1215 2571 quod
1240 2487 1343 2571 captis

387 2587 484 2654 hodic
497 2611 567 2654 mos
581 2595 641 2670 cst,
657 2589 736 2654 dum
750 2589 790 2654 de
805 2589 910 2674 pretio
926 2590 1138 2674 requiruntur
1157 2596 1192 2654 et
1212 2589 1343 2669 timent,

385 2698 494 2757 totum
523 2693 684 2777 spondent
714 2693 801 2777 quod
830 2700 960 2759 exactor
987 2695 1068 2760 vult.
1123 2692 1178 2757 Sic
1206 2712 1278 2775 ego,
1302 2715 1344 2756 ne

388 2795 533 2861 caritatis
551 2795 672 2860 damna
689 2795 878 2877 sustineam,
892 2817 936 2861 ne
952 2798 1063 2861 minus
1076 2797 1112 2860 in
1126 2795 1257 2861 Christo
1271 2793 1344 2858 dili·

390 2919 458 2982 gar,
473 2920 593 2982 negare
606 2897 669 2964 tibi
683 2900 730 2963 nil
745 2899 857 2964 audeo.
898 2901 1022 2963 Verum
1037 2920 1076 2963 ea
1090 2919 1163 2981 quoe
1176 2896 1257 2961 tutis
1271 2901 1345 2959 tan·

390 3007 464 3064 tum
485 2999 617 3064 auribus
638 2998 805 3083 hucusque
827 3000 1060 3078 commiseram,
1076 2999 1146 3082 jam
1164 3019 1254 3062 nunc
1272 3017 1346 3062 exa·

390 3099 472 3164 mini
496 3105 555 3164 tuo
581 3099 743 3181 oculisque
771 3100 1025 3182 introspicienda
1046 3099 1225 3164 committo.
1271 3099 1347 3165 Scio

390 3207 514 3286 quauta
527 3200 728 3283 amplecteris
739 3201 845 3284 gratia
855 3201 1008 3286 quicquid
1017 3208 1068 3266 est
1077 3201 1160 3266 illud
1170 3202 1257 3285 quod
1267 3203 1346 3267 offe·

390 3325 437 3384 ro,
447 3309 481 3370 et
492 3302 578 3387 quod
592 3303 657 3368 duo
671 3304 809 3384 minuta,
819 3327 891 3389 quae
905 3305 1027 3370 amicus
1042 3304 1109 3385 dat,
1124 3306 1235 3389 magni
1249 3306 1346 3371 faciet

392 3405 480 3490 apud
493 3412 526 3470 te
541 3404 618 3489 quia
630 3425 699 3470 non
713 3427 753 3472 ex
767 3406 949 3472 abundanti
963 3407 1021 3473 sed
1035 3429 1075 3472 ex
1088 3408 1216 3474 modico
1230 3408 1297 3473 dat.

394 3639 616 3706 EPIS'POLA
630 3641 1031 3708 XIII.—snsocrn1susr
1046 3662 1348 3707 ssnrssrnrnssssr

770 3764 973 3812 srrscornu.

396 3879 491 3942 Patri
511 3899 568 3943 suo
590 3885 620 3943 et
642 3879 763 3944 domim
776 3881 915 3944 Jocelioo
929 3882 992 3944 Dei
1010 3883 1119 3964 pratia
1140 3882 1291 3962 episeopo,
1309 3881 1349 3945 G.

439 4001 513 4044 saus
527 3983 659 4044 ecclesia
673 3980 756 4044 beati
769 3983 862 4046 Petri
879 3984 1057 4048 Glooestsioe
1071 3984 1173 4048 dictas
1186 3983 1284 4046 obdas
1297 3981 1349 4046 die

441 4083 577 4166 prwtidie
584 4087 770 4166 prosperari
782 4085 817 4148 iu
827 4087 976 4169 praticae

442 4221 576 4286 Rodum
585 4220 710 4304 saepius
725 4227 763 4286 ut
778 4241 876 4305 super
893 4220 1026 4306 negotio
1039 4222 1179 4286 fratrum
1193 4220 1351 4286 Corneliae

398 4332 511 4394 vestras
533 4327 725 4394 sublimitati
746 4329 968 4410 scriberemus,
983 4330 1018 4394 id
1038 4330 1205 4414 hucusque
1226 4327 1352 4395 distuli·
