3225 5192
285 692 569 789 s.n.l139—48.]
619 712 1025 757 ouocusrarscumsronn.
1069 710 1072 715 ·
1193 695 1236 760 69

283 825 367 909 apud
387 833 512 911 patrem
532 833 566 890 et
585 827 763 907 dominum,
781 829 833 892 eni
854 829 969 893 innata
981 829 1110 893 bonitas
1125 830 1235 908 animi,

281 935 387 993 totum
403 928 488 1011 quod
503 929 664 994 laudabile
679 938 738 1008 est,
754 931 935 1013 persuadet.
983 933 1141 997 Alardum
1156 954 1235 1016 qua-

282 1052 419 1116 cumque
433 1032 601 1096 involvatis
616 1032 839 1112 amaritudine,
852 1035 930 1098 dum
945 1035 1005 1098 sibi
1020 1042 1150 1099 tantum
1164 1056 1235 1119 per-

282 1154 394 1197 sonam
410 1140 603 1218 praesentare
618 1135 723 1214 liceat,
740 1158 812 1219 quae
831 1136 866 1201 in
886 1138 1020 1201 ecclesia
1040 1139 1080 1202 de
1099 1137 1235 1202 linche-

280 1236 480 1317 bamestnde,
504 1240 617 1302 vestris
642 1260 700 1323 per
724 1240 835 1303 omnia
859 1241 1021 1305 mandatis
1046 1241 1176 1307 obediat
1201 1249 1235 1307 et

282 1340 471 1424 acquiescat.
502 1340 626 1405 Valete.

304 1590 523 1656 EPISTOLA
545 1591 715 1655 LII.-au
733 1612 915 1655 usrrsnuu
933 1611 1209 1656 ruerasrmcau.

288 1720 462 1783 Venerabili
491 1726 521 1783 et
549 1720 667 1782 illustri
696 1720 826 1783 domiue
851 1721 900 1783 M.
925 1722 1126 1801 imperatrici,
1151 1722 1235 1804 reeta

324 1823 454 1886 Hearlci
468 1822 556 1903 filie,
572 1824 684 1905 frater
700 1824 739 1886 G.
759 1824 936 1887 Gloceslaioe
958 1824 1059 1887 dictus
1081 1824 1185 1902 allas,
1201 1824 1236 1887 ia

325 1928 432 1990 decore
445 1928 593 1989 calutum
607 1946 723 1989 mmmo
738 1926 805 2007 reyi
820 1926 1016 2007 complacere.
1204 1920 1209 1931 ’

326 2064 441 2126 Surae
460 2061 521 2141 his,
538 2084 609 2145 quae
625 2070 730 2125 vestra
749 2061 830 2125 mihi
849 2061 1014 2125 mandavit
1034 2060 1233 2139 excellentia,

280 2188 390 2231 meum
421 2166 447 2229 si
476 2166 589 2248 placet,
613 2186 803 2248 responsum
833 2165 1057 2248 equanimiter
1085 2164 1232 2229 audiatis.

281 2270 331 2333 De
350 2268 506 2351 religione
526 2267 649 2332 domini
667 2267 813 2346 Nivardi,
833 2267 941 2332 fratris
961 2267 1159 2332 dilectissimi
1178 2289 1233 2351 pa·

280 2373 338 2437 tris
367 2371 472 2435 nostri
501 2370 625 2434 domini
654 2370 779 2435 abbatis
806 2372 1058 2449 Clarevallensis,
1081 2372 1129 2435 ita
1153 2370 1233 2434 mihi

282 2483 387 2539 certus
406 2496 488 2552 sum,
505 2473 590 2557 quod
606 2474 632 2537 si
647 2495 686 2537 ea
700 2496 771 2558 quae
789 2474 876 2539 inter
889 2496 949 2539 nos
964 2482 997 2539 et
1013 2475 1234 2538 cernelienses

282 2586 353 2643 acta
368 2584 445 2641 sunt
459 2578 586 2660 plenius
601 2578 791 2661 agnovisset,
807 2599 875 2641 non
894 2578 999 2642 solum
1020 2577 1102 2639 mihi
1122 2597 1233 2660 quere-

280 2682 343 2745 lam
358 2702 426 2743 non
440 2680 600 2757 movisset,
617 2680 672 2744 sed
688 2701 759 2764 quae
774 2681 918 2744 dictante
941 2679 1103 2762 acquitate,
1119 2686 1153 2742 et
1177 2679 1233 2742 do·

280 2786 367 2849 mino
381 2805 465 2867 papa
479 2788 653 2861 statuente,
670 2792 761 2867 gesta
783 2789 870 2862 sunt,
885 2785 980 2847 firma
1000 2802 1132 2845 manere
1145 2782 1233 2845 volu-

282 2888 367 2965 isset,
384 2894 417 2950 et
432 2886 521 2951 vobis
536 2886 678 2951 tenenda
696 2888 858 2951 suasisset.
903 2885 1124 2951 cernelienses
1146 2885 1234 2949 enim

280 2988 429 3054 monachi
462 2988 629 3054 dominum
659 3012 776 3074 papam
806 2989 972 3070 adeuntes,
1002 3010 1106 3054 causae
1135 3010 1232 3071 quam

281 3094 430 3157 adversus
450 3092 601 3157 abbatem
621 3115 716 3157 suum
736 3093 961 3172 intendebant,
977 3092 1039 3159 sibi
1054 3092 1179 3177 judiees
1195 3091 1232 3155 in
1291 3134 1294 3140 ·

280 3196 399 3279 Anglia
414 3196 514 3260 statui
530 3198 705 3279 petierunt,
721 3203 755 3260 et
774 3197 816 3260 ad
835 3197 897 3261 hoe
916 3198 1079 3280 episcopos
1094 3202 1232 3279 quatuor

278 3300 540 3383 impetraverunt.
586 3300 639 3364 Ad
653 3300 713 3363 hos
727 3300 838 3383 itaque
857 3300 979 3364 litteras
999 3299 1121 3364 domini
1140 3320 1232 3381 papae

280 3402 458 3481 afferentes,
479 3402 574 3486 juxta
597 3402 773 3466 earundem
795 3404 976 3467 litterarum
999 3410 1155 3480 tenorem,
1179 3401 1231 3465 die

280 3506 457 3589 constituta
472 3504 647 3569 solenniter
662 3504 762 3569 auditi
778 3514 865 3585 sunt,
881 3514 915 3570 et
928 3527 986 3589 per
1000 3505 1110 3570 omnia
1124 3504 1230 3568 defici·

279 3615 369 3672 entes
381 3607 503 3691 judicio
517 3607 646 3691 publico
661 3608 877 3673 condemnati.
922 3610 1082 3673 Praeterea
1099 3628 1166 3672 non
1180 3627 1231 3670 so-

277 3710 345 3774 lum
370 3710 548 3775 sacerdotio
573 3711 690 3792 privati
713 3716 802 3789 sunt,
827 3710 1008 3774 sedetiam
1032 3710 1169 3773 infames
1194 3710 1230 3772 in

278 3819 469 3897 perpetuum
487 3812 633 3896 judicati,
649 3818 682 3877 et
702 3812 856 3877 custodiae
875 3812 1086 3876 claustrorum
1104 3812 1231 3894 regula·

276 3916 372 3993 rium,
389 3922 423 3979 et
438 3916 556 3998 scripto
571 3922 604 3979 et
618 3922 777 4000 praecepto
798 3915 922 3979 domini
940 3936 1031 4000 pape
1044 3914 1229 3998 mancipati.

280 4018 390 4083 Quum
410 4018 519 4102 itaque
544 4018 699 4103 quosdam
724 4040 837 4083 eorum
862 4019 985 4082 domini
1007 4040 1098 4103 papoe
1121 4025 1231 4082 aucto-

277 4120 374 4183 ritate
404 4121 647 4205 susceperimus,
678 4122 764 4204 ipsos
798 4122 861 4185 nisi
894 4122 1007 4185 eadem
1039 4120 1231 4184 auctoritate

277 4224 451 4302 remittere,
476 4245 536 4289 nec
562 4245 741 4308 possumus,
765 4246 827 4289 nec
852 4224 1015 4289 debemus.
1060 4223 1136 4286 Non
1161 4226 1230 4283 tur-

277 4324 372 4389 betur
402 4347 478 4408 ergo
506 4334 611 4391 vestra
641 4328 805 4406 serenitas,
830 4328 858 4391 si
884 4326 1055 4411 apostolico
1080 4321 1232 4387 mandato
