3225 5192
226 684 295 729 an.
316 663 511 746 1148-61.]
561 680 1030 725 nnannoaumrsrsarrsronn.
1123 665 1183 727 159

226 804 318 869 titati
338 810 452 867 vestrae
477 802 644 866 notificare
670 801 861 879 curavimus,
878 823 921 865 nc
942 801 1092 865 clericum
1116 823 1183 865 ves-

227 914 318 972 trum
349 904 435 989 quod
464 925 531 967 non
560 903 668 986 rapuit
698 901 858 967 exsolvere
888 903 1096 985 compellatis,
1123 923 1184 966 nac

228 1011 334 1094 ipsum
350 1008 480 1092 pietatis
495 1006 634 1071 officium
655 1006 783 1089 injustis
799 1005 1013 1069 solutionibus
1028 1005 1183 1087 aliquate-

228 1111 407 1192 nus-affligi
427 1108 654 1194 permittendo,
670 1108 811 1191 reliquos
828 1107 910 1172 filios
924 1117 1045 1172 vestros
1060 1130 1080 1172 a
1093 1117 1185 1191 patre

229 1235 289 1278 suo
320 1213 360 1276 de
390 1220 506 1276 cratero
536 1211 621 1294 quod
650 1210 744 1288 absit,
775 1210 938 1293 obsequiis
968 1210 1184 1277 absterreatis.

229 1316 349 1381 Valere
363 1337 418 1379 vos
433 1322 591 1398 optamus,
606 1314 642 1377 in
656 1312 784 1378 Christo
800 1320 891 1396 pater
905 1314 1077 1378 carissime.

400 1632 621 1697 EPISTOLA
636 1631 850 1696 cxxi-m
866 1652 1020 1695 sunnam.

232 1786 329 1849 Patri
343 1804 397 1847 auo
413 1790 442 1847 et
458 1784 579 1847 domim
597 1784 631 1847 T.
651 1783 869 1846 (lantoniensi
883 1785 944 1846 Dei
955 1786 1064 1865 pratia
1084 1787 1186 1849 arcti-

279 1889 428 1969 episcopo,
435 1886 544 1969 frater
561 1888 599 1949 G.
615 1886 865 1967 Herefordieasis
885 1888 1017 1950 eccleooe
1036 1888 1186 1968 minator,

278 1992 325 2053 sic
338 1992 458 2053 uticum
467 2010 618 2073 primiore,
633 1994 669 2052 ut
682 1990 796 2052 vincat.

279 2140 447 2205 Laronrn
472 2140 570 2218 hunc,
597 2140 738 2218 domine,
765 2140 972 2222 praesentium
997 2142 1188 2207 familiarem

235 2250 385 2309 nostrum
414 2242 555 2309 ecclesia
583 2250 702 2307 nostrae
731 2244 933 2323 canonicum,
963 2245 1029 2308 suis
1058 2246 1188 2328 quidem

236 2345 527 2411 commendabilem
555 2344 678 2409 meritis
708 2344 832 2409 dilectae
861 2346 954 2411 nobis
982 2347 1018 2410 in
1048 2347 1190 2412 Domino

238 2447 432 2513 sublimitati
457 2455 570 2511 vestrae
596 2447 858 2512 commendamus
887 2448 1055 2528 attentius,
1081 2470 1191 2533 preces

239 2550 412 2616 affectuose
434 2550 645 2633 porrigentes,
661 2551 813 2634 quatinus
835 2572 944 2617 amore
967 2552 1031 2616 Dei
1052 2559 1085 2615 et
1108 2553 1190 2634 peti-

239 2652 329 2717 tione
354 2659 467 2718 nostra
491 2674 620 2718 causam
646 2654 715 2737 ejus
742 2663 902 2738 quantum
927 2654 1044 2719 nititur
1062 2655 1192 2737 justitia

239 2756 383 2835 foveatis,
409 2776 470 2820 nec
500 2756 753 2821 adversariorum
780 2778 912 2822 suorum
937 2756 1111 2834 calliditate
1137 2758 1192 2840 jus

241 2879 337 2921 suum
356 2858 504 2941 opprimi,
520 2866 576 2923 aut
595 2860 631 2924 in
646 2866 750 2923 vestra
767 2859 911 2944 deperire
927 2858 1099 2942 prasentia
1120 2880 1192 2942 pcr-

241 2960 390 3025 mittatis.
423 2960 519 3028 Quod
535 2962 737 3026 adversantes
753 2962 783 3027 ei
797 2964 903 3027 multa
915 2962 991 3026 licet
1006 2962 1093 3026 nube
1107 2962 1193 3026 falsi-

242 3064 320 3127 tatis
343 3064 517 3142 involvant,
537 3064 577 3128 do
597 3072 703 3129 vestra
725 3086 890 3149 speramus
912 3065 1063 3149 aequitate
1080 3064 1195 3147 judicii

243 3171 282 3227 ut
304 3162 368 3229 cito
389 3184 497 3227 coram
515 3162 603 3228 vobis
625 3164 747 3229 falsitas
770 3172 946 3243 evanescat,
966 3165 1008 3228 ad
1026 3165 1124 3229 vestri
1144 3164 1194 3228 lu·

148 3278 153 3284 '
244 3286 316 3330 cern
338 3266 493 3331 examinis
516 3266 698 3349 iniquitatis
719 3267 863 3331 tenebra
880 3267 976 3332 facila
989 3267 1194 3351 dissipentur.

245 3369 344 3433 Illum
360 3370 461 3453 igitur
478 3377 626 3457 optamus
644 3370 680 3433 in
695 3370 783 3435 vobis
801 3370 951 3453 spiritum
966 3371 1195 3448 convalescere,

246 3472 302 3557 qui
316 3473 441 3537 dudum
455 3472 490 3535 in
500 3473 657 3559 propheta
673 3473 864 3556 sanguinem
876 3474 1006 3537 salvavit
1017 3474 1195 3554 innoxium,

246 3584 285 3641 ut
300 3598 375 3641 cum
394 3577 546 3641 clericum
566 3583 715 3641 nostrum
733 3575 773 3640 ab
794 3576 845 3639 his
865 3597 936 3659 quae
953 3577 1103 3641 adversus
1120 3598 1196 3641 eum

247 3678 406 3743 malitiose
421 3681 559 3745 conficta
577 3688 666 3759 sunt,
680 3680 716 3743 in
728 3680 844 3763 spiritu
859 3680 1058 3745 discretionis
1073 3680 1197 3764 eripue-

246 3782 327 3861 ritis,
343 3803 402 3845 nos
421 3782 533 3865 gratiae
553 3781 724 3861 debitores,
739 3782 909 3866 ipsumque
931 3783 1059 3848 servitio
1073 3804 1199 3867 semper

249 3884 425 3950 obnoxium
441 3884 597 3949 habeatis,
643 3885 760 3950 Valere
775 3908 831 3951 vos
845 3896 1004 3970 optamus,
1018 3886 1054 3952 in
1070 3886 1198 3951 Christo
1284 3876 1287 3879 ⁴

250 3995 340 4072 pater
356 3988 530 4053 carissime.
