3225 5192
284 680 351 723 an.
370 658 570 743 ileo-484
613 669 827 741 onocpsrnrrs
843 678 1019 722 rnrsnonn.
1194 661 1238 723 89
1312 732 1316 737 ,

282 794 382 879 pinsit
412 798 565 873 avertere,
590 814 657 877 quo
679 812 735 857 νοε
758 791 868 856 minus
894 792 1025 857 domino
1048 813 1140 875 papae
1160 813 1237 857 oon·

281 897 388 981 tingat
411 895 551 962 obedire.
604 895 709 961 Adest
738 896 806 961 dies
835 895 955 960 actioni
979 916 1085 960 censae
1113 895 1237 960 domini

283 998 440 1065 Bernardi
455 998 582 1065 abbatis
596 1006 630 1063 et
645 998 878 1064 monachorum
889 998 1145 1069 Corneliensium
1158 1014 1237 1063 eon-

282 1104 405 1183 stitnta,
421 1103 490 1167 dies
512 1102 632 1167 scilieet
647 1101 826 1179 Dominioeg·
837 1108 910 1185 post
930 1102 1152 1171 ascensionem
1169 1101 1237 1171 Do·

282 1206 373 1283 mini,
397 1227 461 1290 quo
484 1204 591 1271 ceteri
617 1225 729 1269 omnes
753 1204 925 1271 Bethania
947 1205 1100 1284 aderunt,
1121 1204 1237 1288 quibus

283 1330 350 1372 una
363 1306 525 1372 vobiscum
548 1306 693 1393 ejusdem
711 1312 761 1371 est
780 1328 886 1373 causae
904 1308 1058 1391 cognitio,
1071 1330 1093 1373 a
1106 1308 1238 1373 domino

284 1422 366 1496 papa
387 1410 542 1494 delegata.
588 1408 687 1475 Unde
701 1410 729 1475 si
743 1430 800 1498 νοε
819 1409 930 1477 abesae
949 1412 1132 1494 configas-it,
1148 1410 1238 1475 dabi-

283 1522 339 1579 tur
358 1514 517 1598 praedietis
538 1513 705 1578 monachis
731 1513 857 1579 occasio
877 1512 1135 1596 subterfugiendi
1152 1513 1239 1597 jndi-

285 1616 380 1695 mum,
403 1614 431 1679 si
456 1614 595 1698 aliquem
621 1613 733 1679 abesse
755 1614 896 1680 viderint
921 1615 1071 1700 judicum
1096 1616 1239 1708 assigna·

245 1702 251 1723 ⁴
285 1726 401 1783 torum.
447 1717 544 1785 Quod
559 1717 689 1800 quidem
704 1717 798 1783 nobis
814 1739 881 1783 non
896 1719 1000 1783 solum
1014 1719 1133 1783 laboris
1154 1726 1239 1784 esset

188 1822 196 1837 ‘
286 1821 494 1899 continuatio,
506 1821 563 1887 sed
574 1828 607 1885 et
621 1821 761 1901 iteratio,
773 1828 807 1886 et
818 1827 1005 1887 coacervata
1015 1822 1239 1905 gravaminum

283 1923 514 2007 multiplicatio.
559 1924 730 1989 Provideat
745 1924 864 2007 itaque,
880 1925 908 1988 si
921 1925 1037 2008 placet,
1053 1933 1160 1990 vestra
1174 1925 1238 1990 dis·

283 2028 391 2106 cretio,
406 2049 449 2091 ne
464 2026 610 2092 absentia
623 2034 730 2091 vostra
743 2034 813 2092 tam
827 2049 933 2093 causae
946 2036 1067 2097 nostrae
1080 2029 1123 2093 sit
1139 2029 1237 2094 detri-

284 2138 440 2209 mentum,
456 2152 552 2214 quam
566 2129 811 2221 fatigationibus
831 2131 950 2195 nostris
971 2131 1114 2215 praebeat
1135 2132 1239 2197 incre·

284 2240 441 2297 mentum.
487 2234 564 2298 Uno
589 2233 676 2297 enim
703 2232 844 2297 advento
865 2240 972 2299 vestro
993 2234 1125 2300 domino
1146 2256 1238 2319 papoe

284 2336 448 2416 obedietis,
474 2343 508 2401 et
533 2358 593 2401 nos
617 2336 755 2401 humiles
785 2336 904 2402 amicos
929 2344 1053 2404 vestros
1075 2339 1239 2424 amplioris

285 2440 371 2505 vobis
385 2440 498 2525 gratiae
513 2439 674 2507 debitores
688 2440 848 2505 statuetis.
892 2441 1019 2506 Valete.

338 2747 560 2814 EPISTOLA
583 2748 838 2813 LXXIII.-an
854 2768 1037 2813 roonnrou
1053 2768 1181 2813 aaran.

285 2917 377 2979 Patri
395 2936 451 2981 auo
470 2921 500 2981 et
520 2917 643 2980 domino
664 2936 780 2980 summo
796 2916 941 2999 pontifici
955 2914 1068 2997 frater
1084 2912 1122 2979 G.
1139 2916 1242 2978 dicim

327 3020 431 3100 abbas,
448 3020 515 3084 dics
535 3020 656 3083 utinam
678 3018 779 3097 bonos,
799 3024 831 3081 et
851 3020 886 3081 ia
909 3019 1031 3101 loapum
1053 3017 1144 3081 beato
1166 3023 1240 3080 tene-

323 3144 417 3205 porc.

341 3274 570 3338 Scanrmranr
601 3280 724 3353 vestra,
755 3272 871 3338 dilecte
899 3279 1001 3357 pater,
1030 3293 1100 3337 rem
1128 3280 1242 3337 notam

285 3377 429 3457 sasima
454 3399 551 3461 quam
576 3376 718 3442 ccclesiae
746 3375 929 3441 necessitati
954 3376 1166 3460 profuturam,
1188 3376 1240 3459 ju-

284 3490 378 3547 vante
399 3482 552 3561 Domino,
567 3488 675 3546 vestra
695 3480 731 3545 in
752 3482 815 3546 hoc
835 3481 963 3546 favente
985 3481 1091 3564 gretia
1109 3480 1241 3546 confidi-

285 3607 365 3650 mus.
414 3585 504 3649 Nam
523 3606 598 3650 cum
620 3584 687 3649 filio
701 3592 807 3649 vestro
822 3583 953 3649 domino
971 3590 1005 3649 et
1023 3590 1116 3667 patre
1130 3591 1242 3648 nostro

286 3688 448 3754 carusimo
463 3688 594 3753 domino
609 3688 846 3767 Cantuariensi,
861 3686 975 3751 diebus
989 3686 1075 3751 exilii
1089 3685 1140 3751 sui
1155 3708 1241 3751 com·

286 3800 457 3871 morantes,
473 3798 586 3875 utpote
606 3791 715 3855 sedem
734 3799 857 3855 certam
877 3797 936 3855 ant
955 3786 1063 3854 locum
1076 3789 1242 3874 proprium

285 3918 351 3960 non
366 3876 532 3971 habentes,
549 3895 604 3959 sed
619 3894 825 3978 negotiorum
840 3893 1031 3958 necessitate
1053 3892 1094 3957 de
1114 3894 1185 3957 loco
1200 3892 1242 3957 ad

284 3996 391 4061 locum
415 3995 643 4081 demigrantes,
666 3996 862 4061 Atrebatum
886 3996 975 4060 lulio
996 4016 1109 4061 mense
1131 3990 1241 4079 perve-

286 4101 401 4165 nimus.
450 4100 518 4165 Ubi
545 4100 703 4165 desiderio
728 4100 869 4165 mirabili
892 4100 995 4165 totius
1019 4100 1087 4163 fere
1109 4099 1186 4164 cleri
1207 4105 1242 4161 et

285 4200 395 4288 populi
409 4203 581 4268 concordia
594 4209 669 4268 vota
687 4190 888 4288 repperimus
902 4203 938 4267 in
953 4202 1111 4268 electione
1132 4199 1242 4263 dilecti

284 4307 392 4373 fratris
416 4308 518 4373 nostri
542 4304 703 4389 Hugonis,
727 4308 828 4391 ipsius
851 4305 1076 4372 Atrebatemis
1099 4301 1242 4368 ecclesiae
