3225 5192
387 690 451 754 174
698 708 859 753 ornsnnrr
877 710 1026 755 nrrscorr

385 823 462 888 sites
482 830 619 908 expetet,
635 823 758 888 bonum
777 831 827 889 est
843 825 879 888 in
899 831 1064 909 stuporem
1079 822 1178 889 etiem
1193 834 1226 891 et
1241 827 1339 892 miru-

384 927 494 992 culum
524 926 655 991 domino
683 948 774 1011 pspoe
808 928 935 1005 servire,
966 950 1064 1011 quem
1096 928 1132 993 in
1161 930 1340 995 certamine

384 1038 490 1115 coepto
504 1028 721 1095 succumbere.
768 1030 861 1095 Dura
874 1030 1020 1109 dicimus,
1037 1053 1137 1115 quum
1154 1032 1253 1115 longe
1269 1054 1338 1098 me·

384 1133 464 1199 liore
479 1154 651 1218 speremus.
694 1132 780 1198 Quis
794 1140 828 1197 et
843 1133 924 1198 dure
938 1134 1063 1218 scripsit
1078 1134 1228 1199 dominus
1243 1158 1336 1219 pspn,

384 1258 458 1321 quae
477 1244 588 1301 tamen
612 1236 721 1300 omnis
740 1237 954 1320 praesentibus
970 1246 1004 1302 et
1022 1238 1227 1321 pulsantibus
1243 1239 1335 1303 nobis

384 1341 557 1424 apostolica
570 1339 820 1404 mansuetudine
834 1348 899 1405 tem
902 1341 1045 1424 peranda
1058 1362 1117 1425 pro
1131 1348 1219 1406 certo
1234 1342 1335 1406 credi-

384 1466 467 1507 mus.
511 1444 638 1523 Valete,
654 1450 737 1509 stote
758 1446 794 1507 in
816 1444 890 1523 fide,
911 1444 1045 1509 viriliter
1067 1444 1163 1528 agite,
1186 1454 1220 1510 et
1246 1446 1335 1509 Deus

383 1547 471 1630 pacis
500 1553 646 1612 conteret
676 1567 771 1613 omne
807 1548 931 1612 Sethnn
965 1548 1027 1613 sub
1056 1548 1193 1631 pedibus
1222 1549 1334 1613 vestris

383 1650 542 1715 velociter.
586 1651 703 1714 Amen.
749 1650 951 1715 Monachum
971 1658 1120 1716 nostrum
1134 1652 1177 1716 cd
1190 1674 1247 1717 vos
1261 1652 1335 1716 mit·

382 1756 492 1834 timus,
508 1760 664 1819 utstatim
679 1756 776 1819 vestri
791 1754 1019 1819 certitudinem
1033 1755 1233 1839 recipiamus.

412 2056 634 2122 EPISTOLA
656 2057 935 2121 cxxxiv-sn
951 2078 1137 2123 nonnnrnu
1153 2079 1308 2125 commu

747 2180 971 2226 onoonsrsrn.

385 2315 423 2377 G.
439 2314 501 2377 Dei
519 2314 627 2397 pratia
648 2311 900 2394 Herescrdiessis
921 2313 1089 2395 episcopm,
1105 2313 1238 2377 Roderto
1261 2314 1333 2379 Glo-

426 2418 544 2480 cestrie
557 2416 674 2478 illustri
689 2416 802 2493 comui,
812 2416 906 2496 pacis
920 2417 1090 2497 etjustitioe
1105 2418 1292 2481 comitatum.

427 2568 536 2631 Inone
555 2566 666 2631 meriti
690 2566 788 2631 vestri
810 2564 990 2630 laudabiles
1014 2566 1128 2631 titulos
1153 2567 1197 2646 id,
1221 2568 1335 2633 dilecte

382 2692 499 2749 eomes,
516 2669 645 2755 speciali
666 2668 804 2753 quadem
821 2669 970 2753 lnmpsde
984 2691 1073 2754 purae
1092 2670 1173 2734 lucis
1190 2671 1334 2751 irredist,

383 2774 469 2858 quod
482 2774 518 2837 in
532 2774 610 2840 locis
624 2780 738 2839 vestrm
751 2773 921 2857 potcstatis
936 2773 1103 2839 ecclesiam
1115 2773 1180 2839 Dei
1192 2773 1334 2858 benigne

380 2876 494 2941 fovetis
516 2898 553 2941 sc
569 2875 748 2961 protegitis,
764 2881 798 2939 et
817 2896 929 2959 pacem
947 2876 1155 2940 servientium
1170 2877 1252 2957 Deo,
1267 2900 1334 2942 non

381 2981 436 3045 vili
451 2980 630 3063 rubiginosi
648 2979 721 3043 aeris
739 2978 918 3043 conductus
938 2979 1053 3063 pretio,
1068 2979 1125 3043 sed
1142 2979 1334 3046 liberalitate

381 3083 501 3147 mentis
519 3081 690 3165 purissima
709 3080 912 3145 conservatis.
959 3080 1046 3147 Quia
1060 3102 1134 3145 vero
1150 3082 1264 3147 dutum
1278 3105 1333 3169 op-

380 3184 499 3247 timum
524 3190 558 3247 et
581 3204 677 3248 omne
701 3183 825 3248 donum
849 3182 1028 3267 perfectum
1054 3184 1095 3247 de
1121 3206 1250 3249 sursum
1273 3193 1333 3265 est,

381 3285 577 3351 descendens
592 3294 717 3370 epatre
732 3286 903 3366 luminum,
919 3286 981 3351 hoc
996 3288 1107 3370 procul
1122 3286 1221 3353 dubio
1235 3288 1333 3354 bene-

380 3388 499 3468 ficium,
526 3411 596 3467 non
619 3388 707 3453 vobis
737 3389 777 3455 de
806 3396 893 3454 terra
918 3388 1080 3469 deorsum,
1104 3390 1161 3454 sed
1187 3392 1227 3457 de
1253 3392 1333 3457 coelo

381 3512 509 3555 sursum
533 3492 686 3557 collatum
710 3499 769 3572 est,
793 3492 880 3576 quod
900 3515 987 3557 unns
1008 3493 1209 3579 interregni
1234 3494 1333 3579 hujus

378 3600 528 3678 potentes
554 3602 587 3659 et
616 3595 750 3676 nobiles,
778 3596 944 3680 sapientia,
971 3595 1125 3676 moribus,
1151 3597 1331 3677 honestate,

379 3695 586 3779 praefulgetis,
602 3702 635 3760 et
657 3696 719 3779 ipsi
739 3698 864 3761 auctori
877 3697 952 3762 vitre
965 3704 1079 3762 vestrae
1098 3698 1275 3781 condignos
1294 3703 1332 3761 ut

380 3798 526 3862 audimus
555 3798 680 3864 fructus
706 3800 814 3864 eundo
837 3820 964 3884 semper
984 3801 1021 3864 in
1045 3800 1163 3865 melius
1189 3800 1331 3865 ubertim

379 3900 546 3965 exhibetis.
593 3901 666 3967 Hoc
681 3902 757 3986 quis
770 3902 915 3967 thesauri
928 3903 1066 3968 coelestis
1081 3911 1130 3968 est
1145 3903 1279 3981 donum,
1294 3924 1333 3967 eo

379 4005 632 4069 conservandum
648 4012 697 4070 est
712 4005 900 4088 diligentius
915 4013 948 4071 et
959 4005 1208 4089 obsignandum.
1231 4006 1331 4090 Equi-

379 4107 453 4171 dem
477 4108 557 4173 mihi
578 4108 722 4193 gratsdm
744 4116 778 4173 et
802 4109 999 4192 congaudeo,
1015 4109 1195 4173 Dominum
1219 4110 1332 4172 Jesum

379 4211 438 4275 sub
457 4212 543 4277 bisso
564 4220 597 4278 et
615 4234 756 4297 purpura
775 4212 838 4277 sibi
855 4214 941 4297 apud
955 4234 1010 4277 vos
1030 4212 1230 4276 domicilium
1242 4212 1331 4277 inve-

377 4315 472 4396 nisse,
488 4326 521 4381 et
535 4316 701 4381 hominem
720 4316 796 4381 licet
812 4322 908 4382 seinte
923 4318 1084 4400 juvenem,
1100 4336 1199 4380 sensu
1219 4322 1331 4380 tumen
