3225 5192
302 661 370 704 un.
390 641 588 724 1161-89.]
637 659 1068 703 nounorrmusrssrisronn.
1191 643 1256 707 367

301 777 398 842 modo
422 778 632 841 voluntatem.
679 775 715 839 Si
738 795 814 840 vero
839 775 1011 840 electiones
1036 797 1110 841 suas
1134 776 1255 862 aliqua-

304 889 403 946 tenus
422 881 584 965 impedivi,
608 879 685 944 hinc
706 880 840 963 potestis
863 880 1037 945 advertere.
1083 881 1193 946 Prino
1216 881 1256 946 de

304 984 435 1050 domino
450 983 620 1048 Baiooensi
642 989 752 1047 actum
774 990 833 1048 est.
879 984 976 1050 Quod
993 985 1148 1069 episcopis
1163 986 1257 1068 regni

299 1089 397 1154 vestri
418 1089 494 1153 licet
516 1109 611 1170 grave
632 1086 803 1166 videretur,
825 1109 937 1152 omnes
958 1095 1069 1154 tamen
1090 1109 1185 1173 opem
1209 1089 1255 1154 fc·

300 1201 393 1258 rente
421 1193 569 1271 Domino,
594 1191 720 1256 adhoc
745 1192 868 1271 induxi,
891 1193 987 1256 utin
1015 1193 1123 1276 ipsum
1148 1210 1256 1257 sasen-

301 1296 411 1374 tirent,
433 1295 604 1380 ipsumque
626 1295 786 1378 suscipere
807 1296 911 1379 parati
933 1303 1051 1360 essent.
1098 1295 1166 1360 Soli
1187 1318 1256 1360 mo·

300 1399 407 1463 machi
424 1403 628 1482 respuerunt,
644 1397 731 1482 quod
745 1420 799 1462 ros
822 1398 982 1482 praecipue
996 1399 1077 1463 velle
1099 1420 1254 1482 cognove-

301 1502 378 1567 rint.
423 1502 474 1566 De
501 1501 656 1566 Becoensi
683 1501 890 1585 postmodum
919 1509 1026 1567 actum
1054 1510 1113 1568 est.
1160 1502 1257 1569 Quod

299 1606 375 1670 licet
390 1605 612 1688 gravissimum
627 1605 778 1670 omnibus
797 1606 891 1688 regni
911 1606 1067 1692 episcopis
1081 1605 1254 1685 videretur,

301 1709 406 1772 multa
434 1714 546 1773 tamen
568 1708 725 1773 instantia
746 1715 780 1772 et
805 1707 967 1775 industria
992 1709 1130 1788 obtinui,
1153 1716 1192 1774 ut
1220 1709 1257 1772 in

301 1813 406 1897 ipsum
422 1812 627 1878 assentiendo
643 1833 709 1876 suae
725 1812 977 1896 praejudicarent
991 1813 1160 1878 voluntati.
1203 1813 1256 1879 Ad

301 1917 463 1996 ultimum,
495 1916 536 1980 ad
565 1915 716 1981 abbatem
746 1916 786 1980 de
816 1916 969 1981 Cereseio'
992 1916 1164 1982 decursum
1197 1923 1254 1981 est

302 2019 399 2086 Quod
424 2020 499 2084 lieet
528 2026 562 2083 et
591 2019 746 2105 episcopis
776 2026 810 2083 et
838 2019 990 2084 omnibus
1020 2027 1115 2085 terrae
1143 2026 1257 2085 vestrae

302 2122 481 2202 abbatibus,
511 2122 724 2206 omnibusque
753 2123 847 2206 regni
875 2123 974 2187 vestri
1009 2123 1153 2207 personis
1190 2144 1257 2188 non

302 2225 403 2290 solum
430 2247 525 2310 greve
540 2225 702 2290 rideretur
715 2245 828 2289 verum
849 2232 883 2290 et
905 2224 1178 2308 indignissimum,
1198 2247 1258 2310 ego

300 2335 422 2407 tamen,
437 2350 480 2392 ne
494 2349 557 2411 pax
572 2329 712 2393 ecclesiae
725 2327 922 2407 turbaretur,
937 2350 999 2392 nec
1014 2351 1112 2412 quam
1133 2329 1257 2394 deside·

301 2431 431 2511 rebatis,
448 2431 561 2498 electio
575 2431 711 2496 ulterius
731 2431 959 2511 differreretur,
974 2432 1036 2496 etsi
1057 2453 1132 2496 cum
1153 2433 1259 2497 multa

300 2526 402 2598 ira'et
423 2533 646 2618 indignatione
661 2533 817 2612 omnium,
832 2533 964 2598 tandem
986 2542 1097 2599 tamen
1118 2535 1256 2615 obtinui,

301 2645 339 2702 ut
355 2639 381 2702 si
396 2637 546 2702 monachi
561 2637 744 2702 cantuariae
758 2638 794 2701 in
812 2638 976 2702 electionis
995 2637 1258 2722 pronuntiatione

302 2742 457 2826 episcopis
471 2741 563 2825 regni
574 2741 671 2805 vestri
682 2742 731 2804 vel
746 2741 906 2805 modicam
920 2741 1071 2806 exhibere
1082 2742 1257 2807 voluissent

302 2844 523 2922 reverentiam,
546 2844 583 2908 in
611 2844 719 2928 ipsum
743 2845 992 2928 acquiescerent,
1019 2851 1053 2909 et
1081 2867 1124 2908 ne
1153 2853 1258 2909 vester

302 2947 452 3011 adversus
472 2968 526 3011 eos
543 2946 730 3012 turbaretur
746 2948 884 3025 enimus,
899 2968 969 3011 rem
988 2947 1050 3012 boo
1065 2949 1129 3012 fine
1147 2949 1257 3012 termi-

301 3074 380 3117 nare
393 3053 629 3137 permitterent.
666 3052 789 3117 Verum
804 3052 840 3116 bi
855 3051 916 3116 sibi
929 3053 1039 3116 omnia
1052 3059 1256 3137 usurpantes,

301 3163 335 3221 et
357 3153 520 3240 episcopos
545 3175 658 3219 omnes
680 3176 700 3218 a
722 3155 856 3220 consilio
878 3162 912 3220 et
933 3156 1099 3236 electione,
1122 3166 1155 3221 et
1177 3158 1258 3222 elec-

300 3259 399 3323 tionis
413 3257 676 3342 pronuntiatione
691 3259 830 3322 severius
852 3259 1066 3340 excludentes,
1082 3260 1168 3344 quod
1183 3282 1258 3325 cum

302 3361 503 3446 aliquantula
513 3360 671 3424 modestia
681 3367 813 3444 agentes
823 3367 904 3424 tunc
915 3360 1060 3425 obtinere
1070 3368 1257 3445 potuerunt,

301 3465 403 3530 nimia
426 3469 557 3528 utentes
581 3461 763 3541 obstinatia,
785 3463 922 3527 ulterius
951 3461 1071 3528 differri
1096 3464 1257 3547 compule-

302 3573 391 3632 runt.
437 3567 512 3633 Qua
530 3568 566 3630 in
585 3589 630 3646 re,
650 3566 678 3630 si
696 3567 801 3650 placet
822 3565 938 3630 honori
956 3573 1072 3645 vestro,
1088 3567 1257 3646 consulite,

303 3669 474 3754 diligenter
489 3669 704 3749 attendentes,
720 3669 799 3752 quid
812 3667 902 3733 vobis
921 3667 1024 3753 magis
1041 3669 1199 3754 expediat,
1215 3693 1258 3735 an

304 3772 469 3837 monacbis
497 3780 605 3836 totum
634 3759 801 3850 ascribere,
826 3772 882 3855 qui
908 3770 995 3836 vobis
1023 3793 1084 3836 nec
1113 3772 1258 3838 hominio
1376 3807 1386 3824 ·
1453 3807 1461 3824 ·

304 3881 459 3940 tenentur
479 3874 598 3940 affectu
611 3894 671 3938 nec
685 3873 850 3952 fidelitate,
866 3880 922 3938 aut
943 3875 979 3937 in
1001 3875 1150 3958 eligenda
1168 3897 1257 3939 max·
1324 3950 1331 3962 .

226 4003 229 4010 ·
304 3979 370 4044 ima
392 4001 529 4064 persona
550 3977 643 4061 regni
664 3977 771 4056 vestri,
791 3978 1004 4043 reverentiam
1027 3976 1167 4061 aliquam
1190 3980 1256 4064 epi-

304 4083 406 4168 scopis
430 4082 615 4161 attribuere,
639 4081 693 4166 qni
715 4077 803 4144 vobis
829 4087 886 4145 aut
908 4079 1052 4145 hominio
1076 4086 1134 4144 aut
1155 4082 1256 4146 fideli-

291 4174 370 4251 'tate
394 4185 537 4269 obligati,
563 4185 717 4250 honorem
740 4189 883 4248 vestrum
911 4183 948 4247 in
973 4183 1044 4248 Deo
1073 4205 1258 4250 conservare
1358 4204 1368 4222 ·

304 4287 423 4374 duplici
453 4287 642 4351 necessitate
671 4293 825 4350 tenentur
850 4284 993 4351 obnoxii.
1050 4287 1178 4350 Bonum
1208 4297 1256 4351 est
1344 4297 1353 4311 '
