3225 5192
391 665 456 728 268
698 683 859 726 arcanam
877 683 1029 728 sersoorr

390 821 445 867 vos
459 807 547 864 certa
560 799 738 864 licitatione
752 801 916 883 proposita
930 801 1154 865 cancellariam
1169 801 1259 865 illam
1272 799 1346 885 dig-

391 901 528 967 nitatem
546 901 658 966 multis
679 923 861 966 marcarum
875 902 1019 968 millibus
1033 903 1222 982 obtinuisse,
1238 910 1273 967 et
1286 925 1345 968 an·

389 1025 434 1068 rae
454 1005 550 1089 hujus
572 1004 714 1089 impulsu
735 1005 771 1068 in
793 1012 923 1089 portum
941 1004 1185 1070 cantuariensis
1203 1005 1346 1068 ecclesiae

388 1107 539 1193 illapsum
554 1106 595 1171 ad
610 1108 680 1191 ejus
694 1105 828 1172 tandem
839 1108 885 1171 sic
898 1108 1046 1191 regimen
1056 1107 1235 1186 accessisse,
1246 1127 1345 1190 qnam

390 1211 451 1294 pie,
475 1232 571 1294 quam
594 1217 714 1288 sancte,
737 1231 834 1294 quam
856 1211 1020 1288 canonice,
1043 1230 1108 1293 quo
1129 1210 1204 1274 ritoe
1227 1210 1345 1274 merito

389 1313 424 1378 id
443 1313 601 1396 exigente,
617 1313 728 1377 multis
748 1313 879 1398 quidem
898 1318 1015 1378 notum
1035 1321 1095 1390 est,
1115 1319 1150 1377 et
1170 1313 1245 1377 stilo
1264 1334 1343 1396 quo·

391 1415 467 1480 dam
482 1415 598 1481 doloris
618 1416 726 1480 intimi
744 1415 906 1480 bonorum
926 1423 976 1480 est
997 1415 1151 1480 cordibus
1164 1421 1342 1480 exaratum.

391 1520 486 1584 Diem
516 1541 611 1583 suum
640 1519 798 1584 chuonrat
826 1519 881 1584 ille
909 1519 1014 1583 bonus
1039 1525 1074 1582 et
1097 1517 1193 1583 bonae
1221 1538 1342 1583 memo-

390 1623 447 1688 rioe
475 1629 566 1704 pater
594 1629 703 1686 noster
727 1620 933 1686 'l'heobaldus
962 1621 1104 1686 ecclesiae
1128 1621 1343 1685 cantuarien·

390 1725 432 1788 sis
455 1725 578 1790 dudum
600 1724 865 1811 archiepiscopus,
888 1731 923 1789 et
945 1745 1001 1789 vos
1024 1724 1082 1807 qui
1102 1723 1208 1787 cordis
1232 1724 1343 1789 oculos

387 1828 425 1891 in
446 1849 554 1892 casum
576 1829 664 1892 hunc
686 1828 854 1912 pervigiles
875 1826 1009 1891 minime
1033 1826 1242 1905 claudebatis,
1266 1849 1342 1892 oon-

388 1929 497 1995 festim
531 1952 551 1995 a
583 1930 788 1996 Normannia
816 1930 935 1994 celeres
963 1929 999 1992 in
1027 1928 1183 2012 Angliam
1219 1929 1342 1994 reditus

390 2033 558 2097 habuistis.
601 2033 650 2098 Ex
664 2033 833 2097 intervallo
847 2032 987 2096 directus
1001 2040 1052 2097 est
1067 2053 1088 2095 a
1101 2031 1224 2096 domini
1238 2033 1343 2096 nostri

390 2136 474 2219 regis
494 2137 593 2200 latere
613 2135 661 2198 vir
680 2157 819 2218 magnus
841 2143 875 2200 et
897 2135 1023 2219 sapiens
1044 2134 1228 2200 moderator
1249 2138 1342 2220 regni

390 2237 545 2302 Ricardns
561 2237 601 2302 de
616 2237 707 2316 Iruci,
723 2259 820 2321 quem
834 2237 957 2321 laqueis
972 2238 1187 2302 anathematis
1206 2239 1341 2304 innoda-

389 2349 460 2406 tum
479 2341 575 2406 bodie
594 2341 692 2424 digne
711 2341 756 2405 sic
776 2341 893 2405 merito
911 2340 1103 2419 honorastis,
1117 2342 1203 2424 regis
1224 2342 1277 2407 hic
1299 2341 1342 2407 ad

389 2464 501 2509 omnes
516 2443 656 2510 habebat
670 2444 851 2529 imperium,
866 2450 905 2508 nt
919 2443 1169 2509 cantuarienses
1190 2446 1340 2509 monachi

388 2554 422 2612 et
441 2547 582 2612 ecclesia
596 2548 694 2633 ipsius
709 2547 903 2630 suffraganei
918 2547 1059 2631 episcopi
1073 2569 1127 2612 vos
1141 2556 1340 2631 expeterent,

389 2671 444 2714 vos
466 2651 632 2734 eligerent,
652 2671 707 2715 vos
729 2651 764 2714 in
786 2658 912 2733 patrem
933 2658 967 2714 et
988 2657 1150 2733 pastorem
1171 2653 1340 2733 negotium

388 2755 479 2822 nulla
493 2754 759 2819 deliberationum
779 2775 871 2818 mora
889 2753 1114 2837 protrahentes
1129 2763 1339 2834 assumerent,

389 2856 531 2940 alioquin
551 2856 632 2922 iram
652 2857 776 2940 regiam
791 2877 860 2920 non
873 2855 987 2939 ntique
1002 2855 1213 2935 declinarent,
1228 2877 1340 2921 verum

387 2984 421 3026 se
442 2964 528 3048 re'gis
551 2963 659 3028 hostes
684 2971 717 3028 et
741 2983 873 3028 suorum
897 2962 1109 3046 proculdubio
1129 2963 1207 3046 ipsis
1230 2985 1338 3028 rerum

389 3066 588 3148 argumentis
600 3073 821 3150 agnoscerent.
845 3065 941 3133 Quod
956 3065 1120 3150 loquimur
1133 3075 1265 3150 experto
1280 3089 1338 3131 no-

387 3169 500 3248 vimus,
517 3169 722 3234 attendentes
737 3169 825 3234 enim
839 3167 1005 3234 ecclesiam
1020 3168 1081 3235 Dei
1097 3170 1248 3234 suffocari
1267 3193 1338 3255 gre·

387 3272 478 3352 viter,
495 3272 536 3337 ob
552 3271 637 3357 quod
650 3273 687 3338 in
703 3273 772 3358 ejus
787 3272 980 3350 libertatem,
996 3272 1137 3355 quodam
1150 3273 1247 3338 modo
1265 3295 1336 3358 pro-

387 3375 603 3455 clamavimus,
625 3374 757 3440 verbum
778 3375 864 3440 illico
885 3374 1125 3460 proscriptionis
1146 3375 1334 3451 audivimus,

388 3486 421 3542 et
436 3479 529 3543 exilio
544 3479 716 3544 crudeliter
731 3479 851 3543 addicti
865 3500 987 3558 sumus,
1002 3499 1064 3543 nec
1078 3480 1182 3543 solum
1202 3501 1338 3564 persona

387 3589 506 3660 nostra,
522 3582 578 3646 sed
596 3590 630 3645 et
650 3581 764 3646 domus
785 3581 886 3664 patris
908 3583 983 3662 mei,
998 3587 1032 3646 et
1048 3582 1224 3666 conjuncta
1244 3583 1336 3648 nobis

387 3684 535 3762 affinitas,
559 3692 592 3748 et
618 3684 767 3767 cognatio
792 3691 872 3748 tota.
919 3685 992 3748 Hoc
1017 3685 1147 3768 quidem
1172 3686 1280 3765 calice,
1302 3693 1336 3751 et

386 3787 456 3852 eliis
471 3787 677 3871 propinatum
692 3794 751 3852 est.
794 3786 958 3871 Scriptum
973 3808 1047 3852 vero
1061 3796 1120 3866 est,
1136 3789 1205 3853 Leo
1218 3790 1334 3873 rugiet,

388 3891 459 3973 quis
482 3910 549 3954 non
568 3890 705 3956 timebit.
751 3892 794 3955 Et
815 3891 896 3955 illud
917 3892 965 3956 Ut
985 3891 1114 3975 rugitus
1137 3892 1267 3972 Leonis,
1290 3893 1335 3957 sic

384 4000 488 4057 terror
509 3993 603 4078 regis.
650 3994 746 4060 Quod
765 4001 867 4059 tantae
885 3994 1061 4058 voluntatis
1079 3995 1204 4078 impetu
1225 3995 1334 4078 praeci·

383 4098 492 4182 piebat
506 4119 571 4177 rex,
587 4097 673 4183 quod
695 4097 813 4163 effectu
834 4097 985 4182 compleri
1006 4104 1100 4162 tanto
1121 4099 1243 4164 nuncio
1263 4119 1334 4182 per·

384 4203 530 4286 urgebat,
560 4204 595 4266 in
625 4203 711 4287 quod
743 4201 847 4266 cordis
883 4202 993 4267 oculos
1021 4223 1077 4267 vos
1106 4222 1219 4266 omnes
1253 4203 1334 4285 inje-

384 4307 463 4370 cisse
484 4312 648 4388 noverant,
663 4307 698 4371 in
714 4307 799 4392 quod
819 4327 931 4371 omnes
944 4307 1042 4370 vestri
1062 4306 1159 4370 minis
1179 4315 1213 4370 et
1233 4312 1334 4370 terro·
