3225 5192
300 732 582 819 r.1›.1148-61.]
629 752 908 797 nanaronnmrrsrs
922 754 1098 800 nrrsronm
1191 737 1251 798 163

338 1086 561 1154 EPISTOLA
584 1088 830 1156 oxma-an
843 1092 1049 1177 s[nn1snnrr
1066 1093 1209 1177 raram]

298 1246 392 1309 Patri
417 1266 471 1309 ruo
497 1251 528 1308 ct
553 1246 685 1323 domino,
710 1266 826 1310 summo
846 1247 990 1329 pontifici
1014 1249 1056 1312 A.
1075 1246 1183 1329 frater
1211 1251 1249 1312 G.
1279 1245 1288 1262 '

341 1346 591 1429 Herefordicusis
608 1349 740 1411 eccleemr
756 1350 907 1426 minister,
922 1352 1096 1431 apostolice
1114 1352 1251 1417 murima

342 1452 403 1514 tati
417 1452 552 1515 άεόἱίαηι
565 1454 767 1515 νουενειιίὶαηι
781 1458 812 1516 et
827 1454 998 1517 caritatem

342 1603 443 1670 Quor
466 1602 662 1667 beatitudini
680 1610 794 1667 vestrae
817 1625 913 1687 super
931 1625 1028 1670 causa
1048 1606 1196 1689 pauperis
1218 1614 1252 1671 et

298 1706 426 1770 honesti
447 1706 563 1785 clerici,
585 1706 794 1790 praesentium
820 1706 941 1770 scilicet
966 1706 1087 1788 latoris,
1112 1709 1253 1772 Simonis

300 1808 566 1873 lichesfeldensis
599 1807 755 1889 canonici,
787 1808 965 1889 scribimus,
997 1810 1077 1890 brec,
1111 1811 1250 1892 domine,

296 1920 464 1992 causaest,
481 1912 566 1997 quod
581 1897 782 1978 illatam'sibi
795 1912 950 2004 injuriam
965 1914 1001 1978 in
1016 1914 1146 1979 creditae
1159 1914 1251 1979 vobis

300 2014 546 2100 dispensationis
564 2017 692 2081 culmen
710 2015 949 2081 redundantem
965 2017 1079 2102 utique
1092 2040 1167 2082 cum
1181 2040 1250 2083 mo-

298 2117 401 2207 lestia
423 2118 628 2210 sustinemus.
689 2117 756 2183 Qui
790 2140 892 2203 quum
924 2118 1076 2183 adversus
1109 2119 1249 2203 priorem

298 2220 548 2285 Coventrensem
570 2226 603 2285 et
624 2220 739 2285 fratres
762 2220 831 2304 ejus
853 2242 929 2285 eum
952 2242 973 2285 a
993 2228 1085 2304 parte
1111 2222 1250 2305 quadam

299 2322 478 2405 praebendae
492 2344 567 2403 suae,
584 2323 726 2402 ecclesia,
742 2324 863 2391 scilicet
883 2323 923 2387 de
944 2323 1129 2403 Hunitnne,
1144 2325 1252 2409 expel-
1290 2326 1294 2333 '

298 2425 363 2489 lere
392 2426 544 2505 nitentes,
575 2426 616 2490 ad
649 2426 850 2491 audientiam
866 2433 1018 2511 ¹vestram
1048 2428 1249 2511 appellasset,

297 2536 410 2611 postea
434 2548 508 2593 cum
532 2529 682 2593 dominus
705 2529 885 2595 Castrensis
907 2539 941 2595 et
964 2552 1024 2616 ego
1046 2532 1088 2596 ob
1110 2531 1250 2595 ecclesiae

298 2632 609 2715 negotiaWigorniae
620 2634 889 2713 convenissemus,
900 2634 1250 2718 appellationemsuam

296 2735 508 2817 praesentibus
537 2736 631 2801 nobis
659 2737 834 2816 innovavit,
864 2745 897 2803 et
929 2739 965 2802 in
997 2738 1048 2801 sui
1076 2758 1250 2821 rerumque

296 2860 426 2902 suarum
444 2840 678 2923 protectionem
696 2847 727 2905 et
749 2840 973 2925 patrocinium,
988 2842 1128 2924 priorem
1141 2841 1249 2924 ipsum

296 2951 488 3025 presentem
515 2943 557 3007 ad
586 2943 820 3009 sublimitatem
847 2950 987 3009 vestram
1016 2944 1057 3008 ad
1087 2944 1250 3008 “Laetare

298 3046 504 3110 Jerusalem’'
523 3047 703 3130 appellarit.
748 3046 812 3111 Cui
830 3068 905 3111 cum
924 3046 966 3111 ob
984 3054 1099 3111 restrae
1120 3046 1250 3111 celsitu·

295 3147 379 3212 dinis
402 3148 612 3213 eminentiam
630 3148 665 3211 in
682 3154 756 3213 tuto
774 3148 845 3231 jam
863 3148 974 3212 omnia
993 3169 1062 3212 esse
1077 3153 1250 3231 oporteret,

295 3272 410 3315 manns
439 3258 551 3316 tamen
580 3252 736 3334 sacrilega
763 3252 912 3336 prorupit
938 3253 976 3316 in
1004 3251 1182 3332 audaciam,
1211 3257 1251 3316 ut

296 3354 395 3437 ipsius
417 3354 557 3418 decimas
579 3360 612 3418 et
634 3356 800 3449 praesentis
823 3356 947 3419 fructus
967 3355 1044 3418 anni
1061 3355 1166 3418 multo
1189 3353 1251 3419 sibi

295 3457 403 3521 labore
428 3458 578 3522 collectos
604 3458 692 3522 intra
721 3460 869 3523 cimiterii
900 3466 990 3542 septa
1015 3451 1191 3537 invaderet,
1217 3465 1252 3523 et

168 3582 170 3585 ·
296 3560 373 3625 hinc
392 3560 516 3625 ablatos
537 3569 724 3645 asportaret.
770 3562 868 3628 Quod
882 3562 947 3625 sive
961 3561 1084 3625 sciente
1099 3562 1164 3625 sive
1178 3582 1250 3626 nes-

297 3664 402 3728 ciente
423 3664 529 3747 priore
555 3672 665 3729 actum
691 3665 742 3743 sit,
766 3664 807 3728 ab
833 3666 903 3749 ejus
928 3670 1040 3728 tamen
1065 3664 1252 3729 hominibus

296 3774 517 3850 perpetratum
532 3788 600 3832 esse
615 3789 682 3831 non
697 3768 900 3851 ambigimus.
946 3768 1043 3832 Unde
1058 3769 1163 3832 zelum
1177 3789 1252 3832 nos·

297 3876 385 3934 trum
399 3876 578 3954 temperare
593 3892 660 3934 non
674 3856 854 3955 possumus,
867 3871 947 3955 quin
961 3872 1126 3936 sanctitati
1139 3879 1253 3934 vestra

297 3994 392 4057 super
412 3974 474 4038 bac
494 3974 684 4055 corrigenda
701 3974 884 4038 temeritate
903 3974 1128 4057 supplicemus,
1143 3979 1181 4036 ut
1202 3974 1253 4035 in·

292 4077 411 4159 juriam
434 4098 525 4139 suam
550 4076 591 4141 ob
613 4076 819 4159 corrigendos
835 4077 919 4141 alios
942 4098 1057 4141 manns
1079 4075 1253 4160 apostolica

292 4180 380 4262 juste
393 4180 519 4263 puniat,
535 4186 568 4243 et
582 4178 830 4243 misericorditer
844 4201 948 4262 egeno
962 4179 1124 4244 laboranti
1139 4176 1252 4240 subve-

294 4282 372 4345 niat
419 4283 533 4347 Cartas
549 4283 637 4347 enim
652 4283 776 4346 domini
791 4284 921 4367 Rogeri,
933 4283 1056 4347 dudum
1072 4278 1252 4346 Castrensis

300 4384 448 4469 episcopi,
464 4393 498 4451 et
516 4386 625 4452 dilecti
641 4388 741 4471 patris
756 4388 860 4537 npstri
874 4387 997 4452 domini
1011 4383 1252 4450 cantuariensis

743 4493 768 4535 rr
