<?xml version="1.0" encoding="UTF-8"?>
<!DOCTYPE html PUBLIC "-//W3C//DTD XHTML 1.0 Transitional//EN"
    "http://www.w3.org/TR/xhtml1/DTD/xhtml1-transitional.dtd">
<html xmlns="http://www.w3.org/1999/xhtml" xml:lang="en" lang="en">
 <head>
  <title>
</title>
<meta http-equiv="Content-Type" content="text/html;charset=utf-8" />
  <meta name='ocr-system' content='tesseract 3.04.00' />
  <meta name='ocr-capabilities' content='ocr_page ocr_carea ocr_par ocr_line ocrx_word'/>
</head>
<body>
  <div class='ocr_page' id='page_1' title='image "./gilbertiexabbat00gilegoog_0396.png"; bbox 0 0 3225 5192; ppageno 0'>
   <div class='ocr_carea' id='block_1_1' title="bbox 270 711 1282 794">
    <p class='ocr_par' dir='ltr' id='par_1_1' title="bbox 270 711 1282 794">
     <span class='ocr_line' id='line_1_1' title="bbox 270 711 1282 794; baseline 0.002 -21"><span class='ocrx_word' id='word_1_1' title='bbox 270 711 566 794; x_wconf 73' lang='grc' dir='ltr'><strong>τ.τ).1161--89.],</strong></span> <span class='ocrx_word' id='word_1_2' title='bbox 600 730 1047 777; x_wconf 78' lang='lat' dir='ltr'><strong>uouuouruusmurrsuonn.</strong></span> <span class='ocrx_word' id='word_1_3' title='bbox 1159 716 1221 776; x_wconf 81' lang='lat'><strong>355</strong></span> <span class='ocrx_word' id='word_1_4' title='bbox 1279 725 1282 730; x_wconf 84' lang='grc'><em>·</em></span> 
     </span>
    </p>
   </div>
   <div class='ocr_carea' id='block_1_2' title="bbox 269 1065 1219 1129">
    <p class='ocr_par' dir='ltr' id='par_1_2' title="bbox 269 1065 1219 1129">
     <span class='ocr_line' id='line_1_2' title="bbox 269 1065 1219 1129; baseline -0.001 0"><span class='ocrx_word' id='word_1_5' title='bbox 269 1065 494 1129; x_wconf 81' lang='lat' dir='ltr'><strong>EPISTOLA</strong></span> <span class='ocrx_word' id='word_1_6' title='bbox 516 1065 734 1129; x_wconf 64' lang='lat' dir='ltr'><strong>ceux-ro</strong></span> <span class='ocrx_word' id='word_1_7' title='bbox 757 1085 791 1128; x_wconf 82' lang='lat' dir='ltr'><strong>u.</strong></span> <span class='ocrx_word' id='word_1_8' title='bbox 814 1085 975 1128; x_wconf 78' lang='lat' dir='ltr'><strong>ausausu</strong></span> <span class='ocrx_word' id='word_1_9' title='bbox 997 1086 1219 1129; x_wconf 76' lang='lat' dir='ltr'><strong>suoossruru.</strong></span> 
     </span>
    </p>
   </div>
   <div class='ocr_carea' id='block_1_3' title="bbox 273 1216 1223 1610">
    <p class='ocr_par' dir='ltr' id='par_1_3' title="bbox 273 1216 1223 1610">
     <span class='ocr_line' id='line_1_3' title="bbox 273 1216 1222 1301; baseline -0.001 -21"><span class='ocrx_word' id='word_1_10' title='bbox 273 1216 429 1281; x_wconf 83' lang='lat' dir='ltr'><strong>Gildertos</strong></span> <span class='ocrx_word' id='word_1_11' title='bbox 439 1217 501 1280; x_wconf 86' lang='lat' dir='ltr'><strong>Dei</strong></span> <span class='ocrx_word' id='word_1_12' title='bbox 511 1217 619 1299; x_wconf 74' lang='lat' dir='ltr'><strong>pratia</strong></span> <span class='ocrx_word' id='word_1_13' title='bbox 635 1216 856 1280; x_wconf 81' lang='lat' dir='ltr'><strong>Loodooieosis</strong></span> <span class='ocrx_word' id='word_1_14' title='bbox 870 1217 1038 1301; x_wconf 81' lang='lat' dir='ltr'><strong>episcopos,</strong></span> <span class='ocrx_word' id='word_1_15' title='bbox 1053 1217 1222 1280; x_wconf 80' lang='lat' dir='ltr'><em>venerabili</em></span> 
     </span>
     <span class='ocr_line' id='line_1_4' title="bbox 305 1319 1222 1402; baseline -0.001 -20"><span class='ocrx_word' id='word_1_16' title='bbox 305 1319 409 1402; x_wconf 75' lang='lat' dir='ltr'><strong>fiatri</strong></span> <span class='ocrx_word' id='word_1_17' title='bbox 423 1326 454 1384; x_wconf 84' lang='lat' dir='ltr'><strong>et</strong></span> <span class='ocrx_word' id='word_1_18' title='bbox 468 1321 567 1383; x_wconf 84' lang='lat' dir='ltr'><strong>amico</strong></span> <span class='ocrx_word' id='word_1_19' title='bbox 581 1341 636 1383; x_wconf 85' lang='lat' dir='ltr'><strong>suo</strong></span> <span class='ocrx_word' id='word_1_20' title='bbox 651 1320 810 1383; x_wconf 81' lang='lat' dir='ltr'><strong>carissimo</strong></span> <span class='ocrx_word' id='word_1_21' title='bbox 820 1321 861 1382; x_wconf 89' lang='lat' dir='ltr'><strong>H.</strong></span> <span class='ocrx_word' id='word_1_22' title='bbox 875 1319 980 1383; x_wconf 82' lang='lat' dir='ltr'><strong>eudem</strong></span> <span class='ocrx_word' id='word_1_23' title='bbox 991 1321 1102 1402; x_wconf 72' lang='lat' dir='ltr'><strong>pratia</strong></span> <span class='ocrx_word' id='word_1_24' title='bbox 1118 1320 1222 1382; x_wconf 83' lang='lat' dir='ltr'><strong>ciboti</strong></span> 
     </span>
     <span class='ocr_line' id='line_1_5' title="bbox 317 1421 1223 1504; baseline 0 -18"><span class='ocrx_word' id='word_1_25' title='bbox 317 1424 503 1502; x_wconf 77' lang='lat' dir='ltr'><strong>Glocestrioe,</strong></span> <span class='ocrx_word' id='word_1_26' title='bbox 528 1425 659 1488; x_wconf 82' lang='lat' dir='ltr'><strong>salutem</strong></span> <span class='ocrx_word' id='word_1_27' title='bbox 688 1429 718 1486; x_wconf 85' lang='lat' dir='ltr'><strong>et</strong></span> <span class='ocrx_word' id='word_1_28' title='bbox 748 1421 883 1486; x_wconf 82' lang='lat' dir='ltr'><strong>deditum</strong></span> <span class='ocrx_word' id='word_1_29' title='bbox 900 1422 1056 1504; x_wconf 73' lang='lat' dir='ltr'><strong>frotmaro</strong></span> <span class='ocrx_word' id='word_1_30' title='bbox 1079 1425 1223 1486; x_wconf 75' lang='lat' dir='ltr'><strong>caritatis</strong></span> 
     </span>
     <span class='ocr_line' id='line_1_6' title="bbox 315 1527 498 1610; baseline -0.005 -19"><span class='ocrx_word' id='word_1_31' title='bbox 315 1527 498 1610; x_wconf 73' lang='lat' dir='ltr'><strong><em>obsequium.</em></strong></span> 
     </span>
    </p>
   </div>
   <div class='ocr_carea' id='block_1_4' title="bbox 271 1677 1231 3516">
    <p class='ocr_par' dir='ltr' id='par_1_4' title="bbox 271 1677 1231 3516">
     <span class='ocr_line' id='line_1_7' title="bbox 316 1677 1224 1762; baseline -0.002 -20"><span class='ocrx_word' id='word_1_32' title='bbox 316 1677 501 1742; x_wconf 84' lang='lat' dir='ltr'><strong>Ducussusr</strong></span> <span class='ocrx_word' id='word_1_33' title='bbox 516 1677 581 1742; x_wconf 88' lang='lat' dir='ltr'><strong>cari</strong></span> <span class='ocrx_word' id='word_1_34' title='bbox 595 1678 698 1742; x_wconf 82' lang='lat' dir='ltr'>nostri</span> <span class='ocrx_word' id='word_1_35' title='bbox 718 1678 864 1762; x_wconf 81' lang='lat' dir='ltr'><strong>magistri</strong></span> <span class='ocrx_word' id='word_1_36' title='bbox 879 1677 1027 1756; x_wconf 79' lang='lat' dir='ltr'><strong>walteri,</strong></span> <span class='ocrx_word' id='word_1_37' title='bbox 1043 1678 1113 1742; x_wconf 89' lang='lat' dir='ltr'><strong>sine</strong></span> <span class='ocrx_word' id='word_1_38' title='bbox 1133 1678 1224 1742; x_wconf 81' lang='lat' dir='ltr'><strong>lucri·</strong></span> 
     </span>
     <span class='ocr_line' id='line_1_8' title="bbox 272 1779 1225 1848; baseline 0 -2"><span class='ocrx_word' id='word_1_39' title='bbox 272 1783 334 1846; x_wconf 91' lang='lat' dir='ltr'><strong>mis</strong></span> <span class='ocrx_word' id='word_1_40' title='bbox 363 1783 405 1848; x_wconf 84' lang='lat' dir='ltr'><strong>ad</strong></span> <span class='ocrx_word' id='word_1_41' title='bbox 434 1783 622 1848; x_wconf 82' lang='lat' dir='ltr'><strong>memoriam</strong></span> <span class='ocrx_word' id='word_1_42' title='bbox 651 1803 719 1846; x_wconf 91' lang='lat' dir='ltr'><strong>non</strong></span> <span class='ocrx_word' id='word_1_43' title='bbox 748 1803 945 1847; x_wconf 79' lang='lat' dir='ltr'><strong>revocamus.</strong></span> <span class='ocrx_word' id='word_1_44' title='bbox 993 1779 1161 1846; x_wconf 78' lang='lat' dir='ltr'><strong>Habemus</strong></span> <span class='ocrx_word' id='word_1_45' title='bbox 1190 1783 1225 1846; x_wconf 89' lang='lat' dir='ltr'><strong>in</strong></span> 
     </span>
     <span class='ocr_line' id='line_1_9' title="bbox 273 1884 1226 1970; baseline 0 -20"><span class='ocrx_word' id='word_1_46' title='bbox 273 1887 341 1970; x_wconf 89' lang='lat' dir='ltr'><strong>ejus</strong></span> <span class='ocrx_word' id='word_1_47' title='bbox 367 1907 492 1966; x_wconf 89' lang='lat' dir='ltr'><strong>occasu,</strong></span> <span class='ocrx_word' id='word_1_48' title='bbox 515 1884 601 1970; x_wconf 90' lang='lat' dir='ltr'><strong>quod</strong></span> <span class='ocrx_word' id='word_1_49' title='bbox 624 1885 840 1950; x_wconf 87' lang='lat' dir='ltr'><strong>communiter</strong></span> <span class='ocrx_word' id='word_1_50' title='bbox 862 1884 1037 1964; x_wconf 88' lang='lat' dir='ltr'><strong>doleamus,</strong></span> <span class='ocrx_word' id='word_1_51' title='bbox 1061 1886 1116 1969; x_wconf 92' lang='lat' dir='ltr'><strong>qui</strong></span> <span class='ocrx_word' id='word_1_52' title='bbox 1140 1907 1226 1950; x_wconf 91' lang='lat' dir='ltr'><strong>com·</strong></span> 
     </span>
     <span class='ocr_line' id='line_1_10' title="bbox 272 1988 1226 2067; baseline -0.002 -13"><span class='ocrx_word' id='word_1_53' title='bbox 272 1989 415 2054; x_wconf 83' lang='lat' dir='ltr'><strong>munitor</strong></span> <span class='ocrx_word' id='word_1_54' title='bbox 439 1990 590 2054; x_wconf 88' lang='lat' dir='ltr'><strong>clericum</strong></span> <span class='ocrx_word' id='word_1_55' title='bbox 614 1996 647 2054; x_wconf 85' lang='lat' dir='ltr'><strong>et</strong></span> <span class='ocrx_word' id='word_1_56' title='bbox 671 1988 812 2053; x_wconf 84' lang='lat' dir='ltr'><strong>amicum</strong></span> <span class='ocrx_word' id='word_1_57' title='bbox 833 1988 1067 2067; x_wconf 89' lang='lat' dir='ltr'><strong>fidelissimum,</strong></span> <span class='ocrx_word' id='word_1_58' title='bbox 1092 2010 1226 2052; x_wconf 91' lang='lat' dir='ltr'><strong>manum</strong></span> 
     </span>
     <span class='ocr_line' id='line_1_11' title="bbox 272 2091 1227 2177; baseline 0 -21"><span class='ocrx_word' id='word_1_59' title='bbox 272 2093 308 2156; x_wconf 90' lang='lat' dir='ltr'><strong>in</strong></span> <span class='ocrx_word' id='word_1_60' title='bbox 327 2114 386 2158; x_wconf 89' lang='lat' dir='ltr'><strong>nos</strong></span> <span class='ocrx_word' id='word_1_61' title='bbox 406 2099 602 2177; x_wconf 75' lang='lat' dir='ltr'><strong>aggravante</strong></span> <span class='ocrx_word' id='word_1_62' title='bbox 619 2091 772 2171; x_wconf 90' lang='lat' dir='ltr'><strong>Domino,</strong></span> <span class='ocrx_word' id='word_1_63' title='bbox 792 2091 917 2174; x_wconf 86' lang='lat' dir='ltr'><strong>inipso</strong></span> <span class='ocrx_word' id='word_1_64' title='bbox 936 2091 1015 2156; x_wconf 86' lang='lat' dir='ltr'><strong>flore</strong></span> <span class='ocrx_word' id='word_1_65' title='bbox 1035 2092 1227 2175; x_wconf 65' lang='lat' dir='ltr'><strong>gratissimae</strong></span> 
     </span>
     <span class='ocr_line' id='line_1_12' title="bbox 273 2194 1227 2280; baseline 0.002 -21"><span class='ocrx_word' id='word_1_66' title='bbox 273 2216 340 2260; x_wconf 88' lang='lat' dir='ltr'><strong>suae</strong></span> <span class='ocrx_word' id='word_1_67' title='bbox 354 2195 536 2280; x_wconf 88' lang='lat' dir='ltr'><strong>juventutis</strong></span> <span class='ocrx_word' id='word_1_68' title='bbox 552 2196 727 2260; x_wconf 89' lang='lat' dir='ltr'><strong>amisimus.</strong></span> <span class='ocrx_word' id='word_1_69' title='bbox 773 2194 856 2261; x_wconf 81' lang='lat' dir='ltr'><strong>Quae</strong></span> <span class='ocrx_word' id='word_1_70' title='bbox 870 2194 1047 2259; x_wconf 85' lang='lat' dir='ltr'><strong>verobona</strong></span> <span class='ocrx_word' id='word_1_71' title='bbox 1061 2216 1136 2260; x_wconf 90' lang='lat' dir='ltr'><strong>cum</strong></span> <span class='ocrx_word' id='word_1_72' title='bbox 1156 2196 1227 2280; x_wconf 90' lang='lat' dir='ltr'><strong>ipso</strong></span> 
     </span>
     <span class='ocr_line' id='line_1_13' title="bbox 272 2296 1225 2383; baseline 0.001 -22"><span class='ocrx_word' id='word_1_73' title='bbox 272 2297 365 2364; x_wconf 92' lang='lat' dir='ltr'><strong>nobis</strong></span> <span class='ocrx_word' id='word_1_74' title='bbox 385 2299 513 2364; x_wconf 82' lang='lat' dir='ltr'><strong>sublata</strong></span> <span class='ocrx_word' id='word_1_75' title='bbox 533 2299 703 2383; x_wconf 58' lang='lat' dir='ltr'><strong>sint,‚quot</strong></span> <span class='ocrx_word' id='word_1_76' title='bbox 723 2303 836 2362; x_wconf 84' lang='lat' dir='ltr'><strong>sancta</strong></span> <span class='ocrx_word' id='word_1_77' title='bbox 850 2296 1017 2362; x_wconf 83' lang='lat' dir='ltr'><strong>subtracta</strong></span> <span class='ocrx_word' id='word_1_78' title='bbox 1031 2299 1155 2378; x_wconf 84' lang='lat' dir='ltr'><strong>solatio,</strong></span> <span class='ocrx_word' id='word_1_79' title='bbox 1172 2321 1225 2363; x_wconf 86' lang='lat' dir='ltr'><strong>ex-</strong></span> 
     </span>
     <span class='ocr_line' id='line_1_14' title="bbox 271 2400 1227 2485; baseline 0.001 -20"><span class='ocrx_word' id='word_1_80' title='bbox 271 2401 369 2485; x_wconf 89' lang='lat' dir='ltr'><strong>periri</strong></span> <span class='ocrx_word' id='word_1_81' title='bbox 388 2402 517 2484; x_wconf 88' lang='lat' dir='ltr'><strong>quidem</strong></span> <span class='ocrx_word' id='word_1_82' title='bbox 539 2423 718 2485; x_wconf 88' lang='lat' dir='ltr'><strong>possumus,</strong></span> <span class='ocrx_word' id='word_1_83' title='bbox 742 2400 852 2484; x_wconf 80' lang='lat' dir='ltr'><strong>paucis</strong></span> <span class='ocrx_word' id='word_1_84' title='bbox 874 2401 1030 2483; x_wconf 81' lang='lat' dir='ltr'><strong>explicare</strong></span> <span class='ocrx_word' id='word_1_85' title='bbox 1052 2424 1121 2466; x_wconf 89' lang='lat' dir='ltr'><strong>non</strong></span> <span class='ocrx_word' id='word_1_86' title='bbox 1143 2403 1227 2466; x_wconf 83' lang='lat' dir='ltr'><strong>vale·</strong></span> 
     </span>
     <span class='ocr_line' id='line_1_15' title="bbox 273 2503 1227 2587; baseline 0.002 -20"><span class='ocrx_word' id='word_1_87' title='bbox 273 2525 356 2567; x_wconf 91' lang='lat' dir='ltr'><strong>mus.</strong></span> <span class='ocrx_word' id='word_1_88' title='bbox 402 2503 471 2587; x_wconf 91' lang='lat' dir='ltr'><strong>Ipsi</strong></span> <span class='ocrx_word' id='word_1_89' title='bbox 491 2509 597 2568; x_wconf 84' lang='lat' dir='ltr'><strong>vestra</strong></span> <span class='ocrx_word' id='word_1_90' title='bbox 619 2523 803 2586; x_wconf 87' lang='lat' dir='ltr'><strong>quaesumus</strong></span> <span class='ocrx_word' id='word_1_91' title='bbox 826 2509 860 2565; x_wconf 89' lang='lat' dir='ltr'><strong>et</strong></span> <span class='ocrx_word' id='word_1_92' title='bbox 881 2503 1020 2566; x_wconf 79' lang='lat' dir='ltr'><strong>fratrum</strong></span> <span class='ocrx_word' id='word_1_93' title='bbox 1041 2510 1227 2568; x_wconf 87' lang='lat' dir='ltr'><strong>nostrorum</strong></span> 
     </span>
     <span class='ocr_line' id='line_1_16' title="bbox 274 2603 1229 2688; baseline 0 -18"><span class='ocrx_word' id='word_1_94' title='bbox 274 2611 386 2670; x_wconf 83' lang='lat' dir='ltr'><strong>sancta</strong></span> <span class='ocrx_word' id='word_1_95' title='bbox 407 2605 602 2688; x_wconf 75' lang='lat' dir='ltr'><strong>suffragemur</strong></span> <span class='ocrx_word' id='word_1_96' title='bbox 624 2603 736 2682; x_wconf 88' lang='lat' dir='ltr'><strong>oratio,</strong></span> <span class='ocrx_word' id='word_1_97' title='bbox 760 2603 913 2686; x_wconf 74' lang='lat' dir='ltr'><strong>quatinus</strong></span> <span class='ocrx_word' id='word_1_98' title='bbox 935 2603 1102 2670; x_wconf 88' lang='lat' dir='ltr'><strong>sublatum</strong></span> <span class='ocrx_word' id='word_1_99' title='bbox 1123 2606 1229 2686; x_wconf 89' lang='lat' dir='ltr'><strong>nobis,</strong></span> 
     </span>
     <span class='ocr_line' id='line_1_17' title="bbox 274 2706 1229 2791; baseline 0 -17"><span class='ocrx_word' id='word_1_100' title='bbox 274 2729 407 2774; x_wconf 89' lang='lat' dir='ltr'><strong>suorum</strong></span> <span class='ocrx_word' id='word_1_101' title='bbox 430 2709 507 2772; x_wconf 88' lang='lat' dir='ltr'><strong>velit</strong></span> <span class='ocrx_word' id='word_1_102' title='bbox 531 2707 691 2772; x_wconf 79' lang='lat' dir='ltr'><strong>Dominus</strong></span> <span class='ocrx_word' id='word_1_103' title='bbox 715 2706 844 2770; x_wconf 88' lang='lat' dir='ltr'><strong>admitti</strong></span> <span class='ocrx_word' id='word_1_104' title='bbox 868 2706 1012 2790; x_wconf 83' lang='lat' dir='ltr'><strong>collegio.</strong></span> <span class='ocrx_word' id='word_1_105' title='bbox 1057 2709 1132 2791; x_wconf 90' lang='lat' dir='ltr'><strong>Ipse</strong></span> <span class='ocrx_word' id='word_1_106' title='bbox 1155 2731 1229 2774; x_wconf 86' lang='lat' dir='ltr'><strong>vero</strong></span> 
     </span>
     <span class='ocr_line' id='line_1_18' title="bbox 273 2810 1229 2895; baseline 0.001 -19"><span class='ocrx_word' id='word_1_107' title='bbox 273 2813 309 2876; x_wconf 90' lang='lat' dir='ltr'><strong>in</strong></span> <span class='ocrx_word' id='word_1_108' title='bbox 335 2813 487 2878; x_wconf 84' lang='lat' dir='ltr'><strong>extremis</strong></span> <span class='ocrx_word' id='word_1_109' title='bbox 513 2833 623 2895; x_wconf 88' lang='lat' dir='ltr'><strong>agens,</strong></span> <span class='ocrx_word' id='word_1_110' title='bbox 649 2810 856 2895; x_wconf 83' lang='lat' dir='ltr'><strong>superstitem</strong></span> <span class='ocrx_word' id='word_1_111' title='bbox 880 2810 1013 2874; x_wconf 84' lang='lat' dir='ltr'><strong>fratrem</strong></span> <span class='ocrx_word' id='word_1_112' title='bbox 1036 2833 1131 2876; x_wconf 90' lang='lat' dir='ltr'><strong>suum</strong></span> <span class='ocrx_word' id='word_1_113' title='bbox 1155 2813 1229 2877; x_wconf 90' lang='lat' dir='ltr'><strong>uni·</strong></span> 
     </span>
     <span class='ocr_line' id='line_1_19' title="bbox 275 2913 1229 3000; baseline 0 -19"><span class='ocrx_word' id='word_1_114' title='bbox 275 2937 360 2996; x_wconf 88' lang='lat' dir='ltr'><strong>cum,</strong></span> <span class='ocrx_word' id='word_1_115' title='bbox 382 2916 590 3000; x_wconf 84' lang='lat' dir='ltr'><strong>praesentium</strong></span> <span class='ocrx_word' id='word_1_116' title='bbox 613 2916 701 2979; x_wconf 91' lang='lat' dir='ltr'><strong>huuc</strong></span> <span class='ocrx_word' id='word_1_117' title='bbox 724 2915 862 2978; x_wconf 84' lang='lat' dir='ltr'><strong>latorem</strong></span> <span class='ocrx_word' id='word_1_118' title='bbox 881 2913 1067 2997; x_wconf 90' lang='lat' dir='ltr'><strong>Wigodum,</strong></span> <span class='ocrx_word' id='word_1_119' title='bbox 1090 2937 1148 3000; x_wconf 89' lang='lat' dir='ltr'><strong>per</strong></span> <span class='ocrx_word' id='word_1_120' title='bbox 1169 2939 1229 2981; x_wconf 90' lang='lat' dir='ltr'><strong>nos</strong></span> 
     </span>
     <span class='ocr_line' id='line_1_20' title="bbox 276 3017 1229 3101; baseline 0.001 -18"><span class='ocrx_word' id='word_1_121' title='bbox 276 3027 389 3085; x_wconf 76' lang='lat' dir='ltr'><strong>vestrae</strong></span> <span class='ocrx_word' id='word_1_122' title='bbox 403 3018 628 3085; x_wconf 88' lang='lat' dir='ltr'><strong>commendare</strong></span> <span class='ocrx_word' id='word_1_123' title='bbox 644 3017 878 3084; x_wconf 71' lang='lat' dir='ltr'><strong>benevolentiae</strong></span> <span class='ocrx_word' id='word_1_124' title='bbox 893 3018 1092 3101; x_wconf 85' lang='lat' dir='ltr'><strong>supplicavit.</strong></span> <span class='ocrx_word' id='word_1_125' title='bbox 1131 3020 1229 3085; x_wconf 89' lang='lat' dir='ltr'><strong>Unde</strong></span> 
     </span>
     <span class='ocr_line' id='line_1_21' title="bbox 276 3119 1230 3207; baseline -0.001 -19"><span class='ocrx_word' id='word_1_126' title='bbox 276 3123 402 3191; x_wconf 82' lang='lat' dir='ltr'><strong>dilcctae</strong></span> <span class='ocrx_word' id='word_1_127' title='bbox 422 3123 515 3188; x_wconf 87' lang='lat' dir='ltr'><strong>nobis</strong></span> <span class='ocrx_word' id='word_1_128' title='bbox 538 3123 574 3186; x_wconf 89' lang='lat' dir='ltr'><strong>iu</strong></span> <span class='ocrx_word' id='word_1_129' title='bbox 598 3121 742 3186; x_wconf 88' lang='lat' dir='ltr'><strong>Domino</strong></span> <span class='ocrx_word' id='word_1_130' title='bbox 763 3119 960 3204; x_wconf 87' lang='lat' dir='ltr'><strong>benignitati</strong></span> <span class='ocrx_word' id='word_1_131' title='bbox 983 3129 1097 3186; x_wconf 74' lang='lat' dir='ltr'><strong>vestroe</strong></span> <span class='ocrx_word' id='word_1_132' title='bbox 1120 3144 1230 3207; x_wconf 84' lang='lat' dir='ltr'><strong>preces</strong></span> 
     </span>
     <span class='ocr_line' id='line_1_22' title="bbox 276 3225 1230 3311; baseline 0.001 -20"><span class='ocrx_word' id='word_1_133' title='bbox 276 3227 448 3291; x_wconf 85' lang='lat' dir='ltr'><strong>affectuose</strong></span> <span class='ocrx_word' id='word_1_134' title='bbox 462 3225 665 3310; x_wconf 81' lang='lat' dir='ltr'><strong>porrigimus,</strong></span> <span class='ocrx_word' id='word_1_135' title='bbox 678 3225 832 3309; x_wconf 88' lang='lat' dir='ltr'><strong>quatinus</strong></span> <span class='ocrx_word' id='word_1_136' title='bbox 848 3245 954 3288; x_wconf 90' lang='lat' dir='ltr'><strong>amore</strong></span> <span class='ocrx_word' id='word_1_137' title='bbox 969 3225 1032 3288; x_wconf 92' lang='lat' dir='ltr'><strong>Dei</strong></span> <span class='ocrx_word' id='word_1_138' title='bbox 1046 3233 1230 3311; x_wconf 75' lang='lat' dir='ltr'><strong>nostraeque</strong></span> 
     </span>
     <span class='ocr_line' id='line_1_23' title="bbox 276 3326 1231 3413; baseline 0.001 -20"><span class='ocrx_word' id='word_1_139' title='bbox 276 3329 441 3413; x_wconf 89' lang='lat' dir='ltr'><strong>petitionis</strong></span> <span class='ocrx_word' id='word_1_140' title='bbox 470 3329 618 3408; x_wconf 91' lang='lat' dir='ltr'><strong>obtentu,</strong></span> <span class='ocrx_word' id='word_1_141' title='bbox 645 3335 678 3393; x_wconf 92' lang='lat' dir='ltr'><strong>et</strong></span> <span class='ocrx_word' id='word_1_142' title='bbox 708 3326 803 3394; x_wconf 90' lang='lat' dir='ltr'><strong>amici</strong></span> <span class='ocrx_word' id='word_1_143' title='bbox 831 3326 867 3390; x_wconf 91' lang='lat' dir='ltr'><strong>in</strong></span> <span class='ocrx_word' id='word_1_144' title='bbox 897 3334 1040 3392; x_wconf 85' lang='lat' dir='ltr'><strong>extrema</strong></span> <span class='ocrx_word' id='word_1_145' title='bbox 1064 3329 1231 3396; x_wconf 86' lang='lat' dir='ltr'><strong>voluntate</strong></span> 
     </span>
     <span class='ocr_line' id='line_1_24' title="bbox 277 3429 1230 3516; baseline 0.002 -20"><span class='ocrx_word' id='word_1_146' title='bbox 277 3431 485 3516; x_wconf 85' lang='lat' dir='ltr'><strong>supplicantis</strong></span> <span class='ocrx_word' id='word_1_147' title='bbox 507 3432 641 3512; x_wconf 87' lang='lat' dir='ltr'><strong>intuitu,</strong></span> <span class='ocrx_word' id='word_1_148' title='bbox 657 3431 764 3515; x_wconf 89' lang='lat' dir='ltr'><strong>ipsum</strong></span> <span class='ocrx_word' id='word_1_149' title='bbox 778 3429 815 3494; x_wconf 91' lang='lat' dir='ltr'><strong>iu</strong></span> <span class='ocrx_word' id='word_1_150' title='bbox 829 3429 1028 3513; x_wconf 87' lang='lat' dir='ltr'><strong>protectionc</strong></span> <span class='ocrx_word' id='word_1_151' title='bbox 1041 3439 1148 3497; x_wconf 82' lang='lat' dir='ltr'><strong>vestra</strong></span> <span class='ocrx_word' id='word_1_152' title='bbox 1162 3454 1230 3498; x_wconf 89' lang='lat' dir='ltr'><strong>sus·</strong></span> 
     </span>
    </p>
   </div>
   <div class='ocr_carea' id='block_1_5' title="bbox 277 3533 1232 3825">
    <p class='ocr_par' dir='ltr' id='par_1_5' title="bbox 277 3533 1232 3825">
     <span class='ocr_line' id='line_1_25' title="bbox 277 3533 1230 3620; baseline 0.002 -22"><span class='ocrx_word' id='word_1_153' title='bbox 277 3534 412 3619; x_wconf 86' lang='lat' dir='ltr'><strong>cipiatis,</strong></span> <span class='ocrx_word' id='word_1_154' title='bbox 428 3555 488 3599; x_wconf 89' lang='lat' dir='ltr'><strong>nec</strong></span> <span class='ocrx_word' id='word_1_155' title='bbox 503 3541 607 3600; x_wconf 84' lang='lat' dir='ltr'><strong>status</strong></span> <span class='ocrx_word' id='word_1_156' title='bbox 627 3534 677 3599; x_wconf 91' lang='lat' dir='ltr'><strong>sui</strong></span> <span class='ocrx_word' id='word_1_157' title='bbox 697 3533 915 3600; x_wconf 89' lang='lat' dir='ltr'><strong>conditionem</strong></span> <span class='ocrx_word' id='word_1_158' title='bbox 935 3533 970 3597; x_wconf 90' lang='lat' dir='ltr'><strong>in</strong></span> <span class='ocrx_word' id='word_1_159' title='bbox 990 3535 1097 3618; x_wconf 84' lang='lat' dir='ltr'><strong>aliquo</strong></span> <span class='ocrx_word' id='word_1_160' title='bbox 1117 3557 1230 3620; x_wconf 83' lang='lat' dir='ltr'><strong>aggra-</strong></span> 
     </span>
     <span class='ocr_line' id='line_1_26' title="bbox 277 3636 1232 3723; baseline 0.004 -21"><span class='ocrx_word' id='word_1_161' title='bbox 277 3639 345 3702; x_wconf 83' lang='lat' dir='ltr'><strong>vari</strong></span> <span class='ocrx_word' id='word_1_162' title='bbox 377 3639 581 3723; x_wconf 84' lang='lat' dir='ltr'><strong>permittatis.</strong></span> <span class='ocrx_word' id='word_1_163' title='bbox 643 3638 708 3702; x_wconf 86' lang='lat' dir='ltr'><strong>Sed</strong></span> <span class='ocrx_word' id='word_1_164' title='bbox 738 3636 825 3721; x_wconf 91' lang='lat' dir='ltr'><strong>quod</strong></span> <span class='ocrx_word' id='word_1_165' title='bbox 854 3637 896 3700; x_wconf 83' lang='lat' dir='ltr'><strong>ad</strong></span> <span class='ocrx_word' id='word_1_166' title='bbox 924 3659 1065 3721; x_wconf 79' lang='lat' dir='ltr'><strong>praesens</strong></span> <span class='ocrx_word' id='word_1_167' title='bbox 1093 3638 1232 3706; x_wconf 88' lang='lat' dir='ltr'><strong>incurrit</strong></span> 
     </span>
     <span class='ocr_line' id='line_1_27' title="bbox 278 3741 1231 3825; baseline 0.006 -21"><span class='ocrx_word' id='word_1_168' title='bbox 278 3741 444 3821; x_wconf 88' lang='lat' dir='ltr'><strong>damnum,</strong></span> <span class='ocrx_word' id='word_1_169' title='bbox 462 3750 575 3807; x_wconf 86' lang='lat' dir='ltr'><strong>vestrae</strong></span> <span class='ocrx_word' id='word_1_170' title='bbox 597 3742 658 3807; x_wconf 90' lang='lat' dir='ltr'><strong>sibi</strong></span> <span class='ocrx_word' id='word_1_171' title='bbox 681 3742 828 3825; x_wconf 85' lang='lat' dir='ltr'><strong>suppleat</strong></span> <span class='ocrx_word' id='word_1_172' title='bbox 850 3741 1075 3808; x_wconf 74' lang='lat' dir='ltr'><strong>misericordiae</strong></span> <span class='ocrx_word' id='word_1_173' title='bbox 1096 3751 1130 3808; x_wconf 90' lang='lat' dir='ltr'><strong>et</strong></span> <span class='ocrx_word' id='word_1_174' title='bbox 1151 3746 1231 3810; x_wconf 84' lang='lat' dir='ltr'><strong>cari·</strong></span> 
     </span>
    </p>
   </div>
   <div class='ocr_carea' id='block_1_6' title="bbox 278 3845 1231 4010">
    <p class='ocr_par' dir='ltr' id='par_1_6' title="bbox 278 3845 1231 4010">
     <span class='ocr_line' id='line_1_28' title="bbox 278 3845 1231 3928; baseline 0.006 -22"><span class='ocrx_word' id='word_1_175' title='bbox 278 3845 355 3907; x_wconf 88' lang='lat' dir='ltr'><strong>tatis</strong></span> <span class='ocrx_word' id='word_1_176' title='bbox 379 3852 601 3928; x_wconf 84' lang='lat' dir='ltr'><strong>augmentum.</strong></span> <span class='ocrx_word' id='word_1_177' title='bbox 639 3845 757 3908; x_wconf 87' lang='lat' dir='ltr'><strong>Valere</strong></span> <span class='ocrx_word' id='word_1_178' title='bbox 777 3865 831 3908; x_wconf 86' lang='lat' dir='ltr'><strong>vos</strong></span> <span class='ocrx_word' id='word_1_179' title='bbox 850 3850 1009 3927; x_wconf 87' lang='lat' dir='ltr'><strong>optamus,</strong></span> <span class='ocrx_word' id='word_1_180' title='bbox 1031 3845 1067 3908; x_wconf 90' lang='lat' dir='ltr'><strong>in</strong></span> <span class='ocrx_word' id='word_1_181' title='bbox 1089 3848 1231 3912; x_wconf 87' lang='lat' dir='ltr'><strong>Domino</strong></span> 
     </span>
     <span class='ocr_line' id='line_1_29' title="bbox 280 3966 452 4010; baseline 0 0"><span class='ocrx_word' id='word_1_182' title='bbox 280 3966 452 4010; x_wconf 80' lang='lat' dir='ltr'><strong>caussrme.</strong></span> 
     </span>
    </p>
   </div>
   <div class='ocr_carea' id='block_1_7' title="bbox 0 0 1635 5192">
    <p class='ocr_par' dir='ltr' id='par_1_7' title="bbox 0 0 1635 5192">
     <span class='ocr_line' id='line_1_30' title="bbox 0 0 1635 5192; baseline 0 0"><span class='ocrx_word' id='word_1_183' title='bbox 0 0 1635 5192; x_wconf 95' lang='lat' dir='ltr'><strong> </strong></span> 
     </span>
    </p>
   </div>
  </div>
 </body>
</html>
