3225 5192
396 652 440 714 48
643 667 805 712 o1nssnr1
823 666 942 711 ronsor
956 664 1102 709 aaasms

328 804 333 815 ·
396 786 438 850 ub
460 784 517 850 illo
540 783 700 862 avertetis,
716 804 781 868 quo
801 781 933 867 spiritus
946 781 1071 866 impetu
1086 779 1252 859 ducimini,
1267 781 1351 850 nulli

396 887 532 952 dubium
546 886 744 970 relinquetis.
790 885 873 950 Filio
886 892 999 950 nostro
1015 883 1351 969 usuiqueemissimo
1446 955 1450 963 ,

395 1011 601 1074 nequaquam
626 989 736 1054 deesse
761 988 949 1073 poterimus,
972 985 1029 1055 sed
1049 995 1172 1052 vestros
1193 1007 1270 1051 oum
1293 987 1351 1054 illo

395 1095 544 1160 incursus
558 1099 629 1158 toto
644 1093 761 1156 annisu
776 1091 936 1158 sustinere
951 1090 1160 1156 tentabimus.
1205 1089 1351 1156 Adversa

396 1219 513 1282 nempe
528 1195 686 1261 sustinere
697 1195 826 1279 poterit,
838 1194 895 1259 sed
906 1194 993 1258 solus
1008 1193 1127 1276 habere
1140 1214 1208 1258 nou
1219 1195 1349 1276 poterit.

398 1300 463 1365 Sed
473 1307 596 1365 avertat
610 1299 672 1364 hoc
683 1299 843 1363 Dominus
854 1304 894 1362 ut
906 1297 1068 1362 societatis
1082 1302 1196 1360 vestrae
1205 1297 1350 1380 jocunda

396 1401 554 1486 principia
567 1401 671 1466 exitus
685 1398 829 1464 habeant
842 1405 912 1464 tum
926 1399 1150 1478 amarissimos,
1162 1406 1195 1464 et
1209 1399 1278 1483 ipse
1292 1400 1349 1484 qui

396 1512 446 1572 est
460 1505 590 1570 initium
606 1511 639 1569 et
654 1503 739 1583 finis,
753 1503 912 1587 principia
921 1510 1028 1568 vestra
1036 1502 1179 1586 jocundo
1193 1503 1259 1567 fine
1272 1523 1349 1567 oon-

396 1609 517 1674 eludat.
568 1609 612 1674 Dt
638 1608 792 1672 sivestra
816 1627 877 1670 uos
901 1605 1017 1689 dignos
1041 1606 1184 1670 amicitia
1207 1605 1348 1687 creditis,

396 1733 456 1777 nos
478 1731 605 1795 quoque
626 1710 745 1776 amieos
769 1716 890 1775 vestros
913 1717 948 1774 et
970 1729 1029 1792 per
1046 1709 1158 1780 omnia
1178 1709 1348 1774 benevolos

396 1813 553 1879 estimato.

396 2131 622 2199 EPISTOLA
642 2130 900 2196 XXXHL-sn
913 2151 945 2197 n.
958 2153 1093 2197 sancus
1108 2151 1180 2196 ssu.
1194 2152 1348 2196 srosros.

732 2255 1013 2304 cunctantem.

395 2389 553 2471 Mapistro
574 2409 630 2452 asso
651 2389 813 2452 carisumo
828 2389 1007 2472 demiaopsoe
1020 2391 1141 2453 moitis
1159 2391 1347 2468 mando,

438 2493 478 2555 R.
504 2499 619 2556 saneta
646 2493 729 2556 aedis
750 2493 937 2574 Apostolicoe
958 2494 1152 2571 concedam,
1174 2492 1283 2574 frater
1308 2496 1347 2557 G.

441 2596 619 2660 Gloeeatriae
642 2596 744 2661 dictas
763 2596 869 2676 obbas,
884 2597 1087 2661 reverentiam
1107 2597 1242 2661 debitam
1259 2604 1290 2661 et
1309 2598 1347 2660 de

438 2699 530 2763 eorde
545 2705 609 2762 toto
624 2699 826 2763 dilectionem.

438 2853 639 2917 Extremum
654 2874 834 2918 cormeum
852 2852 888 2917 in
908 2853 1061 2932 Domino,
1076 2853 1193 2918 dilecte
1207 2860 1299 2938 pater
1311 2855 1347 2918 in

395 2954 547 3034 Domino,
563 2962 595 3018 et
615 2955 774 3038 spirituali
790 2977 863 3019 sum
882 2957 1085 3039 jocunditate
1098 2958 1256 3042 perfusus,
1272 2959 1349 3044 quia

395 3055 436 3120 de
456 3057 536 3121 eoelo
555 3058 694 3140 respexit
718 3057 889 3135 Dominus,
905 3065 938 3121 et
952 3066 1066 3122 vestrae
1080 3080 1204 3123 memor
1218 3061 1347 3126 humili-

394 3161 472 3224 tatis
498 3161 636 3244 gratiam
659 3161 791 3224 donavit
816 3181 875 3243 pro
901 3161 1014 3243 gratia,
1038 3168 1071 3224 et
1097 3161 1227 3226 avobis
1248 3163 1347 3247 digne

395 3269 553 3326 servatam
572 3263 728 3331 hactenus
742 3262 947 3326 honestatem
961 3285 1089 3327 morum
1104 3271 1137 3328 et
1151 3266 1347 3348 elegantiam

394 3366 556 3450 condigna
573 3365 803 3430 munificentiae
822 3387 889 3430 suae
906 3365 1008 3450 gloria
1022 3369 1212 3433 muneravit.
1258 3370 1347 3435 Invi·

393 3468 671 3553 tatusadnuptias
679 3469 786 3533 locum
795 3468 964 3552 elegeratis
973 3469 1120 3536 obtinere
1128 3471 1347 3554 novissimum,

395 3571 450 3636 sed
472 3572 507 3635 in
529 3572 617 3637 vobis
641 3570 722 3635 bene
744 3570 828 3656 patri
850 3572 1044 3657 complacuit
1066 3582 1104 3638 ut
1126 3575 1346 3660 evangelicum

394 3675 481 3739 illico
513 3675 646 3738 taudem
680 3675 749 3758 ipse
782 3684 992 3758 personaret3
1030 3681 1053 3712 ‘⁴
1066 3677 1181 3743 Amice
1210 3679 1347 3746 aseende

395 3777 571 3861 supeiius,''
592 3777 791 3861 gloriamque
806 3777 896 3842 vobis
913 3777 1033 3862 pariter
1052 3786 1086 3844 et
1105 3781 1262 3846 honorem
1280 3805 1346 3866 prae

395 3879 669 3945 discumbentibus
699 3881 767 3944 aliis
797 3881 972 3946 exhiberet.
1022 3882 1168 3948 Mirabar
1196 3885 1345 3968 equidem

395 3991 428 4048 et
449 4005 519 4048 rem
540 3984 659 4047 tacitus
686 3983 904 4064 attendebam,
920 3985 974 4049 eui
995 3986 1156 4051 Dominus
1182 4009 1266 4052 nova
1288 4011 1348 4052 sua

394 4086 514 4169 pariter
539 4091 571 4150 et
596 4093 703 4150 vetera
732 4094 933 4167 reservasset,
959 4088 1037 4172 quia
1063 4096 1218 4172 congesta
1244 4091 1346 4155 totius
1478 4111 1481 4114 ’

394 4187 572 4252 honestatis
586 4187 728 4271 insignia
742 4187 787 4253 sie
801 4188 836 4253 in
850 4212 954 4254 unum
965 4191 1170 4255 cumulasset.
1215 4192 1260 4257 Et
1270 4193 1346 4259 lieet

394 4291 573 4355 innumeris
599 4290 673 4356 vitae
687 4297 812 4356 ,vestroe
840 4293 936 4359 decor
964 4301 998 4358 et
1023 4295 1178 4360 doetrinae
1207 4297 1347 4370 suavitas
