3225 5192
396 648 462 711 206
708 665 870 709 orusnsrr
888 664 1041 709 nrrscorr

395 790 429 849 at
451 782 537 867 quod
558 780 677 846 auditis
699 780 856 866 partibus,
875 786 1057 846 statuerent
1075 780 1112 845 in
1131 800 1201 860 nos,
1216 781 1354 845 firmiter

397 884 649 949 observaremus.
695 881 824 949 Quibus
837 904 908 947 rem
922 882 1057 947 minime
1071 882 1352 969 prosequentibus,

397 1008 497 1071 quum
513 986 554 1051 ob
569 986 743 1051 imminens
757 986 937 1071 periculum
957 986 995 1051 in
1012 1008 1126 1052 eorum
1143 988 1252 1053 denuo
1271 1010 1352 1073 pras·

397 1091 502 1156 sentia
519 1110 680 1155 unacum
697 1088 853 1155 iratribus
867 1090 989 1154 nostris
1003 1090 1240 1175 appellaverim,
1254 1091 1353 1177 hujus

397 1194 495 1259 etiam
518 1192 741 1277 appellationis
762 1191 945 1277 prosecutio
966 1193 1061 1258 nobis
1082 1214 1103 1257 a
1120 1202 1228 1258 vestra
1249 1194 1357 1277 gratia

399 1296 522 1363 domini
539 1296 626 1379 regis
643 1296 832 1361 interventu
848 1294 983 1361 remissa
997 1303 1058 1361 est.
1101 1297 1277 1361 'l'estantur
1290 1297 1352 1362 hoc

397 1400 500 1465 literae
518 1420 591 1483 quae
608 1420 707 1483 penes
725 1421 785 1465 nos
805 1406 883 1465 sunt
902 1399 1077 1484 apostolico
1095 1400 1189 1484 signo
1208 1422 1352 1466 commu·

398 1504 487 1568 nita.
533 1501 644 1568 Quum
666 1523 741 1567 vero
758 1501 904 1588 judicem
926 1503 1047 1567 moveri
1067 1524 1136 1569 non
1157 1511 1304 1588 oporteat
1324 1504 1353 1569 si

400 1628 475 1672 cum
490 1606 530 1671 de
545 1604 730 1691 gravamine
749 1612 917 1690 suspectus
936 1613 988 1671 est
1006 1605 1048 1670 ad
1067 1608 1265 1691 superiorem
1281 1628 1353 1692 pro-

400 1716 540 1789 vocetur,
564 1708 706 1773 offensus
729 1715 841 1773 tamen
866 1708 1017 1773 dominus
1039 1708 1292 1789 Cantuariensis,
1315 1733 1354 1776 eo

400 1813 487 1898 quod
515 1812 557 1876 ed
582 1818 722 1877 vestram
751 1812 977 1895 appellaverim
1005 1812 1215 1892 audientiam,
1244 1836 1355 1880 meum
1414 1883 1421 1893 ,

401 1922 498 2000 caput
526 1916 691 1999 impetere,
718 1935 771 1979 me
799 1935 869 1979 non
893 1922 1019 1979 servato
1046 1915 1161 1981 ordine
1189 1918 1354 2002 proposuit

400 2016 707 2083 excommunicando
722 2017 890 2081 suffocare.
928 2016 1030 2102 Cujus
1043 2018 1092 2083 rei
1105 2021 1267 2103 prescius,
1282 2042 1354 2085 sen·

399 2122 538 2187 tentiam
558 2121 768 2204 praevenieus,
791 2120 833 2184 ad
854 2128 993 2185 vestram
1014 2122 1094 2186 item
1117 2122 1273 2206 appellavi
1291 2122 1354 2187 ele·

399 2223 568 2302 mentium,
578 2222 649 2307 ejus
660 2244 796 2287 examen
808 2231 973 2307 expetam,
983 2223 1039 2307 qui
1052 2225 1170 2290 merita
1183 2245 1355 2289 causarum

400 2334 488 2391 recte
514 2325 707 2411 ponderans,
730 2348 824 2390 suum
846 2325 1021 2410 unicuique
1039 2328 1094 2412 jus
1115 2348 1208 2411 {equa
1230 2328 1356 2393 ratione

400 2435 578 2497 conservat.
623 2429 721 2495 Quod
735 2429 825 2493 enim
838 2430 958 2513 legitur
977 2452 1022 2495 ne
1039 2429 1076 2493 in
1094 2452 1162 2495 una
1181 2432 1356 2514 eademque

402 2554 499 2599 causa
519 2532 617 2597 tertio
639 2532 828 2616 appelletur,
850 2554 919 2597 non
940 2553 979 2597 eo
1001 2539 1126 2617 spectat
1147 2540 1186 2599 ut
1207 2534 1356 2619 quotiens

402 2637 570 2722 episcopus
585 2656 619 2701 se
634 2658 654 2700 a
667 2635 917 2719 metropolitano
931 2657 991 2700 suo
1009 2636 1210 2719 gravandum
1224 2644 1355 2721 putave-

401 2740 455 2819 rit,
470 2739 571 2803 libere
590 2759 658 2803 non
673 2738 822 2823 appellet,
838 2738 896 2803 sed
914 2759 954 2803 eo
972 2740 1091 2823 potius,
1107 2746 1146 2803 ut
1159 2761 1181 2805 a
1194 2739 1357 2805 sententia

402 2841 548 2906 utribus
570 2840 730 2925 gradatim
748 2840 913 2926 judicibus
934 2848 1010 2925 post
1030 2841 1279 2926 appellationem
1301 2864 1356 2925 ap-

402 2944 547 3030 probata,
563 2945 619 3029 qui
638 2944 742 3009 victus
761 2950 812 3009 est
831 2944 993 3027 appellare
1006 2966 1074 3009 non
1088 2944 1215 3011 debeat.
1261 2946 1358 3012 Quod

402 3048 534 3134 quidem
548 3069 616 3112 non
631 3048 731 3111 solem
745 3045 870 3111 lacibus
884 3046 1069 3132 adjuvando
1083 3048 1232 3127 dicimus,
1247 3048 1306 3113 sed
1318 3056 1357 3114 ut

402 3152 454 3217 his
477 3152 533 3237 qui
556 3151 597 3216 de
620 3150 733 3215 crebra
756 3170 818 3215 nos
842 3150 1057 3234 appellatione
1081 3149 1284 3235 redarguunt
1307 3152 1358 3216 vel

402 3256 511 3341 paucis
525 3254 787 3338 respondeamus.
817 3254 872 3319 Ad
886 3253 1018 3319 culmen
1030 3254 1134 3337 igitur
1147 3254 1357 3338 apostolicum

403 3359 449 3428 aie
470 3358 636 3443 appellavi,
658 3378 789 3441 sperans
811 3356 846 3420 id
868 3356 1011 3423 subsidio
1032 3358 1181 3423 futurum
1201 3357 1293 3437 milri,
1314 3378 1357 3423 ne

403 3469 480 3527 ante
494 3461 581 3527 diem
595 3458 803 3544 appellationi
822 3461 999 3543 praefixum,
1014 3482 1107 3525 meus
1126 3468 1235 3545 posset
1253 3468 1358 3525 status

402 3564 443 3633 ab
459 3586 497 3629 eo
512 3571 625 3629 eontra
639 3584 736 3646 quem
750 3562 950 3646 appellatum
969 3570 1020 3628 est
1040 3563 1244 3647 aliquatenus
1257 3550 1357 3628 iuter-

401 3668 492 3733 verti.
540 3666 632 3731 Sedis
657 3664 746 3730 enim
770 3666 955 3749 apostolicae
980 3666 1125 3731 soliditas
1150 3668 1207 3731 illa
1232 3673 1291 3746 est,
1317 3665 1358 3730 de

403 3793 468 3857 qua
492 3770 574 3835 mari
599 3770 723 3835 dictum
752 3775 810 3848 est,
841 3769 939 3834 ‘Huc
966 3791 1070 3853 usque
1094 3770 1213 3850 venies,
1243 3779 1277 3833 et
1306 3769 1359 3834 hic

401 3875 584 3957 confringes
607 3879 772 3937 tumentes
797 3872 916 3938 fluctus
939 3874 1036 3952 tuos,’
1061 3874 1103 3938 ad
1129 3895 1228 3957 quam
1251 3872 1357 3957 appel-

402 3978 500 4043 lando
520 3978 610 4042 allisa
625 3975 743 4062 judicis
759 3976 916 4061 cujusque
934 3977 1099 4043 sententia
1114 3978 1184 4063 jam
1203 3978 1271 4041 lata
1289 3998 1358 4041 sus·

402 4082 565 4167 penditur,
589 4080 738 4145 siluerit
763 4081 1039 4164 praeappellatum,
1062 4082 1131 4147 lata
1152 4081 1358 4166 postmodum

403 4186 523 4251 viribus
539 4182 671 4250 omnino
685 4189 785 4259 caret,
799 4190 838 4248 ut
857 4191 926 4248 tam
946 4206 981 4249 re
1001 4206 1100 4269 quam
1118 4184 1252 4249 nomine
1271 4204 1359 4268 pror·

405 4311 459 4353 sus
474 4290 564 4353 nulla
578 4293 756 4371 reputetur,
776 4285 928 4353 habenda
947 4288 1052 4371 magis
1072 4289 1174 4367 irrita,
1192 4308 1288 4371 quam
1304 4286 1359 4351 nli·
