3225 5192
257 689 322 732 am.
342 668 539 750 nol-89]
587 685 838 731 economum
854 687 1031 732 ualerone.
1144 671 1209 732 303

254 807 300 870 sic
319 804 469 888 possibile
484 805 530 868 nil
546 811 596 868 est
611 803 696 887 quod
711 824 779 868 uon
793 804 895 888 possit
913 804 1071 869 instantia
1085 804 1209 870 dilecti-

255 909 326 972 ouis
341 907 497 973 obtinere.
532 907 612 972 Haec
627 906 802 971 exinanivit
814 906 993 986 dominum,
1004 907 1156 972 humanis
1169 907 1208 972 il-

253 1011 322 1076 lum
337 1010 474 1076 nexibus
489 1010 650 1093 alligavitz
671 1010 740 1075 hec
749 1016 824 1094 post
834 1031 963 1075 crucem
977 1017 1011 1075 ot
1026 1010 1209 1095 sepulcrum

254 1115 296 1180 ad
310 1114 402 1180 sedes
416 1114 510 1178 illum
525 1111 675 1198 perduxit
689 1113 828 1193 infimos,
843 1120 881 1178 ut
896 1133 951 1178 eos
965 1113 1042 1178 hino
1061 1113 1208 1198 eriperet,

255 1219 312 1304 qui
327 1224 502 1283 venturum
521 1216 610 1281 hunc
629 1215 832 1280 crediderant
851 1222 886 1279 et
905 1215 1078 1299 diligenter
1097 1236 1208 1300 expec-

250 1320 376 1387 tabant.
423 1319 504 1384 Haec
518 1340 597 1403 quos
616 1319 673 1383 irae
692 1318 774 1382 filios
794 1315 938 1383 dictante
955 1318 1085 1402 justitia
1105 1319 1207 1403 perfe-

253 1429 352 1502 eemt,
378 1423 414 1486 in
442 1422 627 1488 libertatem
657 1421 779 1505 gratiae,
805 1420 1025 1485 misericordia
1049 1419 1209 1504 judicium

254 1533 466 1611 temperante,
482 1527 645 1592 reformat.
690 1524 807 1589 Meum
821 1532 929 1591 mutat
945 1527 1010 1592 ista
1027 1527 1208 1607 consilium,

253 1636 293 1694 ut
314 1629 404 1714 operi
425 1650 585 1715 apponam
606 1629 785 1714 prologum,
802 1628 889 1712 qnod
910 1629 981 1694 sine
1001 1631 1133 1714 prologo
1154 1651 1208 1696 ex·

254 1732 454 1817 planandum
469 1732 604 1816 suscepi.
647 1732 773 1797 Auctor
791 1731 880 1796 enim
898 1733 1004 1816 operis
1022 1734 1131 1799 extitit
1151 1735 1208 1799 Sa-

255 1836 365 1900 lomon
380 1836 436 1920 qui
458 1835 628 1920 scriptores
649 1841 699 1900 est
719 1834 868 1899 imitatem
889 1834 1050 1918 autiquoa,
1065 1834 1121 1918 qui
1141 1855 1209 1900 non

256 1938 425 2022 prologum
439 1938 666 2022 praemittendo
680 1938 817 2002 lectores
831 1957 907 2002 euos
921 1943 1064 2003 attentos
1077 1937 1208 2018 famant,

257 2041 312 2106 scd
336 2041 414 2126 ipsis
442 2061 522 2120 rem,
546 2041 587 2105 de
613 2061 678 2125 qua
702 2040 807 2106 acturi
833 2047 920 2119 sunt,
947 2040 1208 2120 demonstrando,

256 2165 369 2210 eornm
383 2143 525 2209 excitent
539 2144 765 2222 attentionem,
780 2151 815 2208 et
836 2163 948 2208 eornm
966 2143 1076 2208 studia
1093 2144 1135 2209 ad
1154 2165 1209 2227 ag-

257 2246 414 2311 nitionem
434 2267 547 2312 eorum
567 2267 639 2330 qma
659 2251 735 2310 sunt
757 2246 846 2310 dicta
866 2253 1065 2311 convertant.
1111 2245 1209 2311 Unde

255 2349 336 2414 illud
364 2347 483 2432 Moysi,
507 2349 550 2412 In
577 2349 734 2433 principio
762 2348 882 2414 creavit
910 2348 1000 2414 Deus
1029 2349 1144 2414 culum
1174 2355 1208 2412 et

257 2459 388 2529 terram,
406 2457 495 2516 terra
517 2472 545 2530 a,
561 2471 590 2530 e,
604 2452 627 2529 i,
643 2453 699 2516 &e
724 2458 758 2516 et
779 2451 862 2515 illud
883 2452 1004 2515 Exodi:
1029 2452 1110 2516 Haec
1131 2459 1209 2516 sunt

257 2555 390 2620 nomina
411 2553 550 2620 filiorum
571 2554 682 2634 Israel,
699 2553 755 2638 qui
775 2555 914 2638 ingressi
934 2561 1013 2619 sunt
1032 2553 1068 2618 in
1085 2555 1209 2640 AEgyp

257 2665 425 2722 tumeam
450 2655 561 2722 Jacob.
608 2656 662 2721 Sic
685 2663 793 2722 totum
818 2677 1008 2742 percurrens
1034 2657 1209 2745 Pentateu-

257 2760 363 2840 ehum,
380 2759 535 2826 Jndioum
556 2765 590 2824 et
611 2759 739 2843 Regum
760 2759 923 2845 librosque
944 2760 1024 2826 alios
1045 2761 1115 2826 aine
1136 2781 1209 2845 pro-

257 2863 330 2948 logo
345 2864 479 2949 scriptos
493 2865 647 2944 invenies,
664 2864 780 2949 quibus
800 2864 828 2930 si
846 2865 972 2950 prologi
990 2865 1107 2951 adjecti
1122 2874 1209 2945 sunt,

256 2966 328 3030 illos
352 2965 451 3050 longo
474 2972 548 3050 post
573 2973 719 3052 tempore
745 2975 819 3052 post
844 2967 1020 3032 adventum
1045 2969 1210 3034 salvatoris

257 3067 398 3153 adjectos
417 3087 487 3134 esse
506 3068 702 3152 cognoveris.
748 3067 821 3136 Hos
842 3069 975 3136 imitans
995 3069 1150 3135 Salomon
1168 3069 1209 3135 ab

255 3171 327 3256 ipsa
340 3171 452 3236 statim
465 3191 502 3236 re
516 3171 557 3238 de
568 3193 633 3256 qna
647 3177 697 3237 est
711 3178 853 3252 actum,
869 3172 1002 3256 incipit:
1024 3173 1126 3238 sciens
1139 3193 1210 3238 rem

256 3273 360 3358 ipsam
374 3273 415 3339 de
431 3294 495 3356 qua
508 3274 616 3358 agitur
630 3272 807 3340 utilitatem
821 3273 1028 3340 manifestam
1041 3274 1160 3340 habere
1174 3276 1210 3339 in

256 3397 301 3457 se,
317 3397 383 3461 qua
401 3373 544 3442 alliciant
562 3379 613 3442 vel
632 3377 792 3443 rationem
814 3377 996 3444 evidentem
1010 3398 1074 3461 qua
1092 3367 1209 3442 concn-

256 3481 326 3564 pita
354 3465 542 3564 despiciarit,
571 3481 623 3545 vel
651 3480 869 3565 inspectiones
897 3479 1064 3564 theologas
1093 3480 1210 3564 quibua

257 3581 326 3647 haec
341 3603 362 3646 a
373 3587 485 3647 mente
503 3582 628 3666 rejiciat
647 3590 681 3648 et
701 3583 760 3649 soli
779 3583 837 3664 illi,
853 3584 909 3668 qni
928 3583 1045 3648 horum
1063 3584 1211 3651 conditor

255 3691 291 3749 et
312 3691 438 3750 creator
456 3690 515 3764 est,
536 3683 708 3752 adhaereat.
752 3687 832 3752 Tres
853 3687 964 3771 itaque
984 3686 1083 3753 libros
1103 3689 1210 3768 efficit,
1269 3727 1273 3736 -

162 3777 167 3784 ’
257 3809 337 3872 quos
358 3807 425 3853 non
445 3788 585 3873 prologis
605 3795 740 3854 exornet
762 3797 822 3855 aut
843 3790 966 3870 dilatat,
986 3790 1211 3875 parabolarum

256 3911 371 3970 unum,
387 3889 603 3956 ecclesiastem
618 3892 757 3957 alterum
773 3892 935 3957 Sirasisim
955 3893 1044 3958 hunc
1065 3894 1209 3958 tertium.

257 3994 370 4059 Allicit
387 3994 423 4058 in
442 3992 601 4078 parabolis
620 3995 662 4060 ed
680 3995 750 4061 haeo
763 3995 957 4080 possidenda
969 4016 1028 4080 per
1041 4017 1113 4080 quoe
1129 4017 1210 4079 prae-

257 4117 332 4163 sena
351 4097 419 4162 vita
440 4098 598 4178 munitur,
617 4103 656 4163 ut
677 4098 863 4164 necessitati
885 4098 1021 4183 propriu
1045 4117 1212 4162 succurra·

256 4207 321 4280 tur,
336 4199 372 4266 iu
387 4200 505 4286 quibus
518 4222 600 4286 opus
615 4209 664 4266 est
678 4201 826 4286 proximo
840 4201 1058 4280 subveniatur,
1073 4207 1107 4264 et
1126 4199 1211 4264 indi-

257 4303 349 4387 genti
372 4312 470 4388 prout
493 4305 667 4371 necessitas
689 4303 811 4388 expetit
832 4303 1004 4370 tribuatur.
1050 4303 1093 4366 Iu
1112 4302 1211 4368 ecole-
