3225 5192
282 692 350 737 an.
370 673 566 757 1161-89.]
616 691 854 737 nounourarvsrs
868 693 1045 738 nvrsronm.
1169 677 1232 740 285

283 810 424 875 Domino
439 810 573 894 loquens
594 811 709 894 saepius
728 810 762 874 id
783 811 879 888 dicat,
895 811 981 895 quod
996 811 1151 895 scripturn
1166 821 1234 877 est:

283 913 417 996 Insigne
433 913 496 977 mei
511 913 624 996 capitis
640 913 703 992 odi,
716 935 735 978 o
750 913 891 978 Domine
905 920 944 977 tu
959 914 1029 977 scis.
1074 915 1236 998 Nunquid
1311 902 1314 906 ⁵

281 1037 348 1080 non
362 1016 415 1080 hic
430 1016 586 1080 fovendus
601 1023 680 1094 eret,
696 1016 778 1080 etin
794 1017 864 1100 ipso
878 1017 1058 1081 nidificanti
1078 1017 1235 1081 columbae

282 1127 401 1183 sanotae
427 1119 650 1198 dimittendus,
675 1120 777 1184 donec
803 1121 898 1203 plene
921 1121 1079 1184 formatus
1104 1121 1140 1184 in
1165 1121 1235 1204 ipso

282 1221 429 1285 Christus
449 1223 575 1286 occulta
594 1225 664 1306 ejus
683 1223 718 1286 in
738 1223 845 1286 lucem
864 1224 1018 1302 traheret,
1034 1224 1234 1307 produceret,

282 1333 315 1389 et
330 1325 495 1390 libertates
516 1326 656 1391 ecclesiae
675 1347 742 1390 non
757 1333 888 1390 tantum
903 1327 961 1390 has
976 1327 1017 1391 de
1032 1327 1149 1410 quibus
1169 1327 1236 1410 agi·

281 1439 345 1509 tur,
367 1430 474 1495 sedet
494 1431 590 1513 longe
610 1430 832 1513 propensiores
850 1431 919 1514 ipse
935 1431 1026 1514 quasi
1042 1452 1143 1494 manu
1163 1451 1236 1513 pro·

282 1533 352 1616 pria
366 1532 597 1597 distribueret?
631 1534 673 1596 ln
688 1533 738 1596 his
754 1533 884 1616 quidem
900 1534 987 1617 quod
1001 1533 1120 1596 scimus
1134 1533 1237 1617 loqui-

282 1657 366 1714 mur,
375 1635 461 1720 quod
471 1636 620 1700 novimus
632 1637 665 1700 id
677 1637 878 1701 confidenter
889 1636 1070 1700 asserimus.
1094 1637 1237 1700 Consue-

281 1739 411 1802 tudines
432 1739 468 1802 in
487 1761 566 1821 quas
586 1740 659 1823 plus
679 1740 919 1819 excandescitis,
942 1740 1104 1804 Dominus
1126 1747 1238 1803 noster

284 1863 340 1907 rex
357 1843 424 1925 jam
444 1842 569 1926 pridem
584 1843 714 1924 penitus
729 1842 949 1926 exsprevisset,
965 1842 993 1904 ai
1007 1863 1075 1905 non
1089 1842 1151 1906 hoc
1166 1862 1239 1925 pro·

282 1948 423 2032 positum
438 1948 502 2012 duo
518 1948 658 2030 graviter
672 1948 892 2031 impedissent.
939 1949 1054 2012 Unum
1070 1948 1156 2031 quod
1176 1947 1239 2010 sibi

283 2054 377 2118 timet
395 2074 463 2118 ease
477 2053 626 2118 dedecori
647 2075 666 2117 a
684 2054 832 2136 patribus
852 2053 893 2117 ad
913 2073 947 2117 se
967 2053 1117 2117 devoluto
1137 2073 1239 2136 regno

285 2155 396 2219 diebus
412 2156 478 2219 suis
493 2154 638 2220 subtrahi
648 2155 821 2240 quicquam
833 2156 883 2221 vel
896 2155 1057 2220 imminui.
1076 2155 1238 2234 Alterum,

284 2258 388 2342 siquid
402 2259 548 2324 remittat
563 2259 605 2324 ob
620 2259 810 2337 Dominum,
826 2259 988 2323 erubescit
1003 2266 1041 2323 ut
1054 2259 1117 2322 hoc
1131 2257 1193 2322 sibi
1207 2257 1239 2322 vi

283 2367 450 2444 reputetur
464 2366 636 2424 extortum.
681 2361 829 2426 Primum
844 2371 954 2426 tamen
969 2361 1050 2425 illud
1061 2362 1129 2445 jam
1146 2381 1238 2424 sanc-

282 2464 387 2528 titatis
409 2463 490 2547 pede
513 2464 698 2542 calcaverat,
719 2472 752 2528 et
771 2466 879 2548 ipsum
901 2465 936 2526 in
960 2465 1022 2528 hoc
1045 2464 1108 2527 Dei
1131 2464 1238 2542 timor,

282 2565 398 2630 innata
416 2565 555 2644 bonitas,
576 2567 709 2630 Domini
724 2589 816 2650 papae
831 2573 943 2630 saneta
960 2566 1105 2643 monitio,
1121 2567 1239 2631 multo-

283 2690 421 2754 rumque
443 2669 478 2734 in
500 2669 562 2732 hoc
585 2669 775 2752 supplicatio
798 2669 988 2733 continuata
1009 2668 1239 2752 produxerant,

284 2781 323 2837 ut
345 2772 386 2837 ob
409 2774 479 2858 ejus
500 2773 713 2838 reverentiam
734 2795 791 2857 per
812 2793 908 2856 quem
927 2771 1016 2836 ultra
1035 2792 1147 2836 omnes
1168 2792 1242 2836 auos

285 2883 392 2960 patres
414 2877 512 2959 longe
534 2875 760 2959 magnificatus
781 2883 841 2954 est,
857 2874 1025 2940 ecclesiam
1045 2874 1108 2938 Dei
1127 2895 1242 2938 convo-

286 2999 368 3058 care,
384 2985 417 3043 et
432 2979 525 3062 regni
540 2979 791 3044 consuetudines
807 2999 880 3061 quae
894 2998 1068 3061 gravamen
1087 2976 1148 3040 sibi
1168 2999 1242 3041 nos-

288 3087 439 3145 cerentur
457 3081 577 3146 inferre
599 3082 703 3145 multa
725 3081 896 3146 devotione
918 3080 1049 3164 spiritus
1071 3079 1243 3144 immutare

287 3184 383 3249 vellet
399 3184 565 3248 ultroneus
585 3191 617 3248 et
638 3185 806 3268 corrigere.
852 3183 938 3247 Etsi
954 3204 1052 3266 penes
1067 3205 1122 3246 vos
1137 3191 1243 3266 coepta

287 3292 518 3369 perseverasset
539 3286 715 3366 humilitas,
734 3287 901 3351 ecclesiam
922 3285 986 3350 Dei
1006 3285 1041 3348 in
1063 3306 1165 3369 regno
1187 3307 1242 3349 ex·

285 3389 454 3452 hilarescet
474 3388 543 3472 jam
567 3389 683 3453 diffusa
705 3390 770 3454 late
792 3388 986 3473 jocunditas.
1030 3388 1119 3451 Nam
1143 3388 1242 3452 finem
1298 3401 1308 3430 ¹

289 3491 324 3555 in
340 3511 436 3575 quem
451 3491 585 3556 tenditis
607 3492 744 3558 evicerat
760 3493 828 3576 jam
849 3491 1140 3576 supplicatio,cu1n
1159 3492 1243 3556 male

290 3601 395 3659 totum
418 3595 585 3679 impedivit
609 3617 628 3659 a
648 3594 736 3660 vobis
763 3602 834 3660 orta
855 3615 968 3659 recens
989 3594 1143 3674 turbatio,
1167 3617 1243 3660 nam

290 3719 363 3762 cum
390 3697 455 3762 suis
481 3699 625 3762 nondum
658 3698 830 3762 Britannia
858 3697 962 3762 titulis
991 3699 1184 3778 accessisset,
1211 3707 1245 3764 et

289 3801 408 3867 levaret
428 3803 462 3866 in
483 3825 559 3868 eum
579 3825 680 3887 usque
701 3811 780 3868 tunc
800 3802 960 3866 indomita
979 3824 1059 3886 gens
1073 3802 1129 3866 illa
1143 3803 1244 3867 calca·

292 3926 401 3983 neum,
413 3927 488 3969 cum
502 3906 694 3990 produceret
708 3905 743 3971 in
758 3904 941 3970 turbatores
955 3905 1043 3989 pacis
1057 3905 1244 3983 exercitum,

289 4007 448 4073 tenibiles
469 4009 506 4073 in
525 4011 620 4074 illum
641 4008 751 4075 literas
771 4008 974 4072 devotionem
992 4007 1105 4091 patris,
1121 4006 1244 4072 modes-

289 4111 371 4176 tiam
389 4112 559 4196 pontificis,
575 4113 709 4178 minime
731 4111 914 4178 redolentes
935 4111 1096 4188 emisistis,
1111 4116 1145 4173 et
1160 4109 1245 4190 quod

291 4215 411 4279 summi
440 4216 600 4300 pontificis
625 4215 803 4282 admonitio
831 4215 1073 4296 multorumque
1102 4210 1244 4275 elabora-

290 4324 382 4382 verat
405 4320 540 4402 supplex
563 4326 596 4384 et
617 4319 747 4386 intenta
768 4320 905 4398 devotio,
928 4315 1118 4400 suspirando
1139 4315 1245 4378 minas
