3225 5192
261 686 331 729 nn.
348 664 545 749 1161-89]
596 638 847 730 noaoonurssrs
863 686 1041 735 rrrsronn.
1153 674 1217 737 199

265 1052 272 1065 ·
403 1019 626 1085 EPIS'POLA
648 1019 890 1085 CXLIX-so
907 1040 1062 1086 sunonis.

259 1172 354 1235 Patri
378 1192 433 1235 suo
459 1178 489 1235 et
515 1172 647 1249 domino,
670 1192 786 1235 summo
806 1170 951 1254 pontifici
976 1174 1018 1237 Α.
1036 1172 1146 1256 frater
1173 1178 1211 1241 G.

301 1274 525 1340 leumiim
550 1274 682 1339 ecclesie
705 1276 855 1353 minister,
880 1276 1015 1339 debitum
1038 1280 1212 1359 apostolice

302 1381 478 1443 reverendiss
492 1379 636 1443 caritatis
651 1384 681 1442 et
696 1376 1080 1462 obedientiaesamulotnm.

303 1530 356 1594 Ur
381 1528 501 1595 ostium
526 1529 667 1607 cardine,
694 1528 739 1593 sio
769 1536 889 1595 sanctes
918 1532 1003 1595 sedis
1032 1533 1214 1617 apostolicos
1310 1582 1317 1594 .

257 1634 476 1699 moderamine
498 1654 588 1699 ssoro
610 1654 722 1698 omnes
742 1632 873 1717 quidem
895 1635 1047 1715 eoolesiae,
1071 1638 1213 1703 Domino

259 1737 305 1801 sic
319 1736 519 1820 disponente,
536 1744 570 1800 et
584 1734 725 1801 ecclesiae
740 1756 806 1801 snae
821 1743 943 1801 sanotae
960 1738 1013 1821 pie
1031 1760 1089 1823 per
1103 1742 1214 1807 omnia

258 1838 453 1922 providente,
468 1845 638 1924 reguntur.
684 1838 767 1905 Ques
783 1860 883 1923 quum
896 1840 1057 1924 judicialis
1078 1843 1212 1925 aequita-

257 1948 325 2005 tem
339 1962 483 2007 oensurae
497 1941 649 2006 omnibus
668 1940 829 2021 exhibeat,
847 1943 906 2027 jus
922 1964 1017 2007 suum
1036 1944 1212 2028 unicuique

258 2050 368 2109 sancte
382 2052 416 2109 et
432 2045 623 2109 intemerate
638 2052 815 2109 conservet.
862 2043 917 2110 Sic
930 2046 995 2110 iras
1008 2048 1149 2131 mitiget,
1165 2048 1212 2114 sio

257 2147 403 2213 fomitem
416 2148 563 2233 reprimit
581 2148 775 2233 jurgiorum,
792 2148 839 2213 sic
853 2150 1019 2214 caritatem
1037 2143 1163 2243 solidet,
1178 2158 1213 2217 et

257 2272 314 2335 per
339 2273 452 2316 omnes
477 2252 618 2317 eoolesiae
642 2258 750 2337 partes
775 2272 900 2336 pacem,
922 2254 950 2317 si
970 2254 1055 2319 forte
1079 2255 1211 2320 inimico

257 2354 388 2419 homine
417 2356 694 2440 superseminante
724 2355 856 2434 zizania,
881 2357 917 2421 in
943 2358 1051 2442 aliquo
1079 2358 1212 2423 turbata

257 2466 316 2537 est,
336 2466 449 2523 sancta
469 2480 658 2542 summeque
679 2457 833 2537 laudabili
854 2460 1139 2544 circumspectione
1160 2482 1210 2525 re·

256 2561 383 2625 format
429 2562 512 2627 Inde
537 2568 587 2627 est
612 2562 698 2645 quod
722 2562 848 2627 dilectae
867 2562 962 2627 nobis
983 2570 1017 2627 et
1039 2562 1210 2647 diligendae

257 2686 382 2750 semper
395 2666 432 2730 in
447 2666 588 2731 Domino
602 2666 768 2731 sanctitati
782 2673 897 2731 vestroe
910 2672 982 2730 tots
994 2673 1105 2730 mente
1124 2674 1209 2731 toto-

257 2790 319 2853 que
347 2768 488 2834 homiuis
516 2768 679 2833 interioris
708 2769 825 2833 effectu
853 2788 964 2853 preces
998 2768 1208 2852 supplicando

255 2873 460 2958 porrigimus,
491 2872 643 2957 quatinus
672 2894 750 2955 erga
779 2872 869 2936 illam
903 2879 1023 2937 saumae
1053 2872 1209 2938 Romsnae

255 2977 396 3043 ecolesiae
415 2976 584 3061 specialem
604 2984 638 3040 et
658 2976 896 3041 devotissimam
910 2976 1020 3055 filiam,
1036 2976 1207 3040 Cantuari-

254 3102 365 3145 ensem
383 3078 531 3144 videlicet
551 3078 727 3157 ecclesiam,
744 3078 850 3143 sereni
870 3079 977 3143 cordis
996 3085 1031 3144 et
1050 3078 1207 3143 benivolae

254 3183 373 3247 mentis
393 3184 501 3248 oculos
519 3182 675 3262 habeatis,
692 3187 725 3247 et
747 3181 802 3265 qni
820 3183 875 3267 jus
897 3204 992 3247 suum
1013 3181 1132 3267 cuique
1151 3181 1205 3247 de·

254 3286 394 3366 fenditis,
415 3286 455 3351 ob
473 3286 561 3351 beati
581 3284 731 3369 Gregorii
752 3292 785 3350 et
808 3286 912 3349 senoti
932 3285 1113 3351 fundatoris
1135 3288 1205 3371 ejus

253 3376 430 3475 Augustini
448 3390 572 3469 merite,
593 3388 695 3474 ipsam
709 3382 816 3469 vestri,
832 3389 918 3473 quod
937 3388 1031 3469 absit,
1046 3390 1204 3474 apostola-

252 3502 307 3558 tus
321 3501 475 3578 tempore,
490 3513 551 3559 nec
566 3493 712 3578 opprimi,
727 3514 788 3558 nec
801 3492 932 3578 injustis
946 3493 1204 3577 oppressionibus

254 3596 294 3661 ab
318 3598 453 3681 antiqua
475 3596 672 3679 dignitatum
696 3616 829 3660 suarum
852 3596 924 3660 lnce
947 3595 1109 3661 obscurari
1131 3618 1203 3680 per-

253 3698 401 3764 mittatis.
445 3700 533 3764 Nam
554 3699 581 3763 si
599 3698 743 3783 paternis
758 3704 807 3763 est
821 3698 901 3763 fides
914 3697 1064 3763 habenda
1076 3698 1204 3763 traditi·

252 3802 379 3882 onibns,
402 3808 440 3867 ut
462 3824 482 3867 a
503 3810 615 3867 sancta
637 3804 785 3868 Romana
805 3802 939 3867 ecclesia
960 3802 1203 3867 eanmariensis

252 3904 315 3969 fide
329 3906 514 3971 illuminate
528 3912 587 3985 est,
603 3906 648 3969 sio
663 3912 712 3971 est
727 3904 939 3970 Eborscensis
956 3927 1015 3989 per
1033 3906 1204 3971 cantuari-

252 4028 362 4071 ensem
378 4008 530 4073 sdddem
544 4008 656 4091 proonl
671 4008 770 4073 dubio
784 4029 946 4073 conversa.
986 4009 1047 4073 Est
1062 4010 1150 4075 enim
1164 4030 1205 4072 ex

251 4110 394 4175 historiis
421 4112 636 4191 notissimum,
666 4112 753 4176 beati
781 4110 960 4195 Augustini
988 4130 1204 4176 successorem

251 4213 466 4279 Laurentium
496 4214 536 4278 sd
565 4212 627 4279 hoc
652 4215 827 4279 Paulinum
853 4214 1014 4293 direxisse,
1040 4214 1204 4297 ipsiusque

250 4314 428 4381 ministerio
444 4317 606 4383 civitatem
622 4317 775 4382 Eboraose
791 4318 831 4382 sb
846 4316 1045 4381 infidelitatis
1063 4314 1204 4379 tenebris
