3225 5192
422 677 487 741 264
548 705 556 720 ·
714 691 897 737 ἰιιιιιιιιι
914 693 1066 737 srrsoorr

422 813 557 898 proeben'
579 811 746 896 supplicat,
767 819 805 876 ut
827 809 1014 876 Buldricum
1036 809 1078 874 ab
1099 810 1283 874 intentione
1304 810 1374 888 hac,
1408 872 1412 881 .

424 937 514 980 sacra
526 915 636 997 legum
652 905 692 978 et'
700 935 863 978 canonum
878 913 1069 978 auctoritate
1088 913 1233 997 repellat.
1281 913 1375 977 Quod

423 1019 499 1102 quia
519 1017 586 1101 juri
612 1024 867 1082 consentaneum
888 1017 1063 1093 credimus,
1093 1036 1203 1100 preces
1228 1016 1374 1100 precibus

423 1127 662 1185 antevertentes
677 1121 903 1204 supplicamus,
919 1121 1072 1204 quatinus
1093 1121 1129 1184 ia
1150 1142 1186 1185 re
1206 1120 1271 1183 ista
1290 1120 1374 1202 quod
1581 1198 1582 1205 ἵ

418 1244 552 1306 mquam
567 1231 616 1288 est
631 1223 820 1299 decernatis,
836 1231 870 1288 et
883 1223 920 1287 in
933 1223 1087 1290 clericum
1100 1222 1187 1286 beati
1202 1221 1297 1286 Pauli
1309 1243 1374 1286 non
1458 1263 1462 1271 -
1581 1264 1582 1271 ι

423 1326 594 1410 imperium
624 1323 665 1389 ad
695 1343 835 1409 praesens
864 1325 900 1390 in
929 1325 1071 1410 ligando,
1101 1325 1158 1389 sed
1190 1325 1373 1408 aequitatem
1425 1377 1430 1389 .

420 1429 531 1512 potius
552 1429 588 1492 in
606 1427 782 1512 judicando
801 1429 984 1493 exerceatis.
1029 1428 1142 1494 Quum
1160 1427 1249 1492 enim
1270 1427 1322 1490 liti
1342 1447 1373 1490 sc

424 1532 538 1600 offerat
556 1539 595 1595 ut
613 1531 800 1614 impetentis
820 1553 854 1595 se
872 1532 1089 1597 intentionem
1103 1537 1254 1614 potenter
1266 1530 1373 1607 elidat,

422 1633 474 1698 vel
486 1633 517 1696 si
531 1633 616 1698 circa
629 1634 690 1698 hoc
706 1632 868 1711 defecerit,
884 1654 952 1696 non
971 1632 1005 1697 id
1024 1633 1127 1696 solum
1143 1630 1230 1715 quod
1242 1632 1373 1714 petitur,

424 1735 480 1800 sed
501 1738 536 1799 in
560 1735 706 1819 expensis
721 1735 830 1813 etiam,
845 1736 873 1798 si
891 1736 1017 1818 justum
1031 1735 1140 1812 faerit,
1155 1733 1373 1798 condemnati-

424 1859 520 1902 onem
550 1838 672 1914 subeat,
699 1837 760 1902 sibi
789 1838 875 1901 diem
905 1838 1015 1916 statui,
1045 1838 1214 1920 ipsumque
1242 1837 1279 1900 in
1308 1835 1373 1899 bac

426 1942 530 2005 audiri
552 1949 699 2025 oportere
714 1941 785 2024 quis
799 1941 953 2024 ignorat?
998 1939 1086 2003 Nam
1106 1940 1193 2022 quod
1214 1939 1373 2024 objicitur,

424 2053 496 2108 acta
525 2046 577 2127 agi
607 2065 673 2108 non
700 2044 826 2122 debere,
851 2054 884 2108 et
907 2065 976 2108 esse
999 2044 1077 2107 varii
1103 2052 1137 2107 et
1160 2043 1373 2108 inconstantis

423 2147 562 2209 hominis
582 2153 695 2210 contra
714 2167 773 2209 sua
791 2155 887 2229 pacta
900 2147 1019 2223 venire,
1035 2167 1106 2229 quae
1125 2146 1225 2209 etiam
1244 2153 1371 2209 senten·

422 2249 470 2312 tia
491 2249 541 2311 vel
566 2247 725 2312 amicabili
751 2250 967 2313 conventione
993 2249 1086 2312 finita
1110 2255 1197 2326 sunt,
1223 2248 1259 2311 in
1285 2248 1373 2312 litem

401 2341 403 2346 ’
422 2349 601 2413 revocanda
622 2370 690 2413 non
711 2371 789 2429 esse,
812 2351 906 2434 quale
928 2350 1059 2434 quidem
1081 2351 1133 2429 sit,
1153 2357 1260 2414 vestra
1280 2351 1373 2433 plene

423 2451 513 2515 novit
537 2453 720 2517 auctoritas.
766 2453 844 2516 Non
867 2454 955 2518 enim
979 2453 1065 2536 quod
1089 2461 1198 2517 actum
1221 2460 1270 2516 est
1293 2452 1373 2516 illud

424 2555 542 2638 agitur,
565 2555 621 2619 sed
646 2577 683 2620 ex
710 2557 928 2620 transactione
950 2557 1066 2640 viginti
1088 2557 1132 2620 de
1156 2577 1238 2620 novo
1262 2563 1374 2639 petens

424 2657 610 2741 exceptione
636 2659 812 2742 repellitur,
837 2680 876 2723 ex
901 2659 993 2742 cujus
1018 2659 1208 2742 probatione
1232 2680 1316 2723 nova
1339 2658 1373 2721 in

423 2759 516 2824 illum
531 2761 570 2824 lis
584 2761 764 2826 inchoatur.
810 2760 899 2827 Quid
913 2761 1025 2825 eninr?
1046 2760 1234 2825 sidebitnm
1248 2761 1311 2825 hoc
1325 2761 1372 2824 vel

422 2864 490 2946 jam
507 2865 600 2928 solvit
616 2864 795 2944 Hubertus,
811 2866 862 2929 vel
882 2865 1006 2929 remisit
1026 2865 1111 2929 forte
1133 2864 1311 2943 Baldricus,
1326 2863 1373 2927 vel

425 2965 465 3030 de
481 2988 547 3029 non
561 2967 702 3050 petendo
716 2966 848 3051 pepigit,
857 2969 907 3031 vel
922 2975 1013 3032 extra
1026 2976 1176 3032 naturam
1191 2974 1373 3032 contractus

423 3068 521 3152 hujus
536 3091 637 3154 quum
661 3071 702 3134 sit
721 3071 802 3154 juris
825 3071 928 3135 stricti
950 3072 1134 3149 transactio,
1149 3071 1372 3134 auctoritatem

424 3173 451 3237 si
471 3174 513 3237 ad
532 3173 745 3238 evincendum
765 3183 914 3258 ageretur
933 3197 967 3239 se
987 3175 1206 3258 praestiturum
1222 3177 1372 3258 repromi-

425 3277 476 3356 sit,
502 3278 617 3342 horum
642 3279 867 3362 quodcumque
892 3278 1055 3362 probetur,
1082 3277 1252 3342 Hubertus
1280 3280 1371 3362 plane

424 3403 490 3444 non
506 3389 645 3445 tenetur.
679 3385 787 3467 Hujus
803 3384 911 3466 itaque
925 3382 1045 3445 residui
1059 3383 1249 3465 petitionem
1264 3404 1371 3465 quum,

424 3491 462 3547 ut
478 3485 539 3548 sibi
554 3486 687 3549 confidit
704 3486 883 3564 Hubertus,
900 3487 995 3569 plane
1008 3485 1142 3569 repellat
1157 3486 1310 3568 excepti0,
1324 3485 1371 3548 in-

423 3585 504 3648 timo
519 3587 709 3651 sublimitati
725 3595 838 3652 vestrae
853 3589 1068 3672 supplicamus
1083 3589 1210 3668 affectu,
1223 3589 1373 3673 quatinus

375 3762 384 3782 ἱ
425 3689 618 3752 sententiam
640 3711 703 3771 qua
724 3690 875 3754 clericum
899 3699 1047 3755 nostrum
1068 3691 1174 3756 teneri
1195 3691 1373 3775 praecipitis,

424 3811 532 3855 umore
550 3791 687 3875 justitiae
709 3800 883 3876 nostraque
905 3815 1000 3878 prece
1021 3794 1179 3873 relaxetis,
1195 3804 1229 3859 et
1245 3817 1374 3859 causam

424 3914 495 3976 quae
510 3895 597 3958 inter
611 3895 742 3960 clericos
758 3895 798 3960 de
814 3918 897 3961 novo
911 3898 1129 3977 constituitur,
1145 3919 1204 3962 suo
1221 3899 1374 3963 intereos

426 3998 533 4062 Marte
566 4019 692 4062 currere
727 4002 931 4083 permittatis.
987 4001 1084 4066 Quod
1113 4003 1140 4065 si
1170 4010 1281 4066 nostra
1309 4024 1375 4066 non

424 4110 567 4166 meretur
591 4101 789 4185 supplicatio,
814 4103 992 4168 obtinuisse
1017 4112 1127 4168 tamen
1154 4106 1311 4170 debuerat
1336 4106 1376 4169 ad

425 4205 591 4269 dominum
611 4227 737 4290 papam,
753 4215 786 4269 et
806 4216 884 4271 ante
904 4207 1099 4270 sententiam
1121 4208 1181 4271 sub
1204 4219 1293 4272 certo
1312 4218 1375 4273 tes·

425 4307 508 4372 tium
526 4331 661 4373 numero
676 4309 761 4374 facta
777 4310 956 4394 appellatio.
1003 4311 1080 4374 Non
1095 4311 1182 4375 enim
1198 4311 1267 4375 baec
1281 4333 1377 4376 causa
