3225 5192
308 722 375 768 aa.
393 700 591 786 1148-61.]
642 720 937 767 nauroaonnsrs
950 720 1126 766 srrsrona.
1197 702 1260 767 135

307 838 462 925 quamdiu
476 838 560 903 sotio
574 836 739 916 ventilato,
760 842 793 901 et
815 834 903 900 idem
927 835 1094 921 spisoopns
1116 837 1153 901 in
1176 857 1261 922 saepo

307 945 395 1009 diota
408 942 543 1009 aeclesia
555 941 655 1027 priori
669 940 752 1005 nihil
766 961 804 1041 so
814 960 960 1025 unquam
970 940 1165 1005 oonoessisse
1175 961 1260 1007 me.

305 1054 402 1126 rsret,
417 1045 567 1111 dominus
589 1044 677 1128 prior
695 1043 847 1109 adversus
867 1064 926 1107 nos
948 1042 1001 1107 die
1020 1050 1109 1107 oerto
1129 1044 1261 1109 audien·

305 1151 386 1215 tiam
411 1154 552 1214 rostram
578 1146 758 1232 appellavit.
813 1146 988 1230 Quumque
1013 1146 1261 1231 appellationem

305 1253 469 1338 prosecuti
482 1250 587 1317 vestro
601 1273 661 1316 nos
675 1256 944 1335 praesentaremus
957 1251 1155 1334 conspectui,
1171 1252 1260 1316 andi-

306 1358 350 1421 tis
373 1355 525 1422 omnibus
547 1376 620 1439 quae
643 1354 683 1419 de
706 1354 840 1419 eoolesia
862 1354 966 1419 saneti
989 1354 1152 1419 honorii
1173 1356 1261 1439 prior

307 1466 421 1525 eontra
448 1480 508 1523 nos
537 1458 740 1541 allegaverat,
766 1455 967 1541 responsioni
995 1477 1055 1522 nos
1084 1456 1261 1522 obtulimus

303 1564 462 1649 judicium
480 1563 517 1626 in
535 1562 628 1627 nullo
646 1566 843 1626 recusantes.
887 1562 963 1644 Ipse
976 1580 1052 1626 vero
1065 1582 1126 1625 nos
1142 1582 1261 1645 praeve·

306 1667 410 1746 niens,
427 1673 502 1731 ants
518 1686 649 1730 omnem
662 1685 854 1749 responsum
873 1670 1022 1729 nostrtun
1040 1664 1077 1729 io
1096 1665 1262 1730 audientis

306 1775 413 1833 vestra
434 1767 486 1833 liti
508 1766 707 1831 renuntiavit
729 1766 766 1830 in
788 1773 906 1845 totum,
930 1788 1028 1850 seque
1050 1768 1086 1832 in
1108 1768 1262 1851 praedioto

306 1869 440 1935 ecclesia
467 1868 516 1935 nil
544 1868 791 1933 vendicaturum
820 1867 967 1949 ulterius,
992 1869 1053 1933 sub
1083 1871 1260 1935 multorom

305 1972 492 2038 testimonio
506 1971 723 2056 proclamavit.
751 1971 850 2037 Unde
864 1980 971 2037 restra
984 1971 1147 2039 dissei-m
1161 1974 1259 2059 asqui-

304 2082 365 2155 to,
382 2097 482 2159 quum
503 2075 555 2139 liti
575 2074 617 2140 de
638 2074 793 2159 praediota
811 2076 945 2141 eeclesia
962 2082 1060 2142 motoe
1077 2084 1192 2161 sponte
1210 2098 1259 2142 re·

304 2178 514 2258 nuntiaverit,
530 2178 557 2243 si
571 2178 673 2263 ipsam
688 2178 780 2243 litam
799 2179 980 2244 instaurare
994 2180 1073 2245 satis
1089 2180 1260 2247 desiderat.

305 2282 376 2349 Noa
406 2282 494 2347 enim
520 2302 593 2366 quae
621 2303 697 2347 vera
721 2282 880 2362 novimus,
909 2284 1130 2364 testificamur,
1159 2290 1194 2349 et
1221 2304 1263 2351 ea

306 2392 488 2470 opportuno
515 2387 586 2452 loeo
614 2392 647 2451 et
675 2392 822 2471 tempore
846 2386 982 2470 probare
1007 2387 1111 2473 parati
1136 2410 1259 2455 sumus.

307 2489 432 2555 Voleto.

338 2690 561 2757 EPISTOLA
582 2690 762 2757 clx-ln
778 2712 960 2757 sosanna
977 2712 1226 2759 saoascrrsru

623 2814 938 2861 aaonurssooaoss.

312 2949 402 3013 Patri
420 2968 476 3015 sao
495 2954 526 3013 et
545 2918 665 3013 domim
685 2950 725 3014 R.
740 2950 803 3014 Dei
820 2952 928 3033 pratia
945 2950 1137 3016 Eboracensi
1156 2952 1260 3016 arcti·

350 3054 500 3137 episcopo,
508 3050 619 3133 frater
636 3054 674 3117 0.
690 3054 940 3137 Herq‘ordieoaia
958 3056 1092 3120 ecclesia
1109 3056 1259 3135 vaiomer,

349 3157 480 3221 solutam
494 3161 525 3220 et
538 3158 706 3222 sevitium.

351 3310 466 3377 5111oe
481 3310 667 3377 admitteret
687 3312 789 3377 solita
804 3312 875 3397 jam
893 3312 1074 3378 dilectionis
1093 3334 1259 3393 uranum,

308 3420 430 3479 wareto
453 3414 546 3498 signo
569 3414 800 3496 clauderemus,
824 3436 885 3480 neo
910 3417 952 3481 ad
976 3425 1102 3501 patrem
1127 3416 1260 3496 onesta

308 3517 485 3583 multorum
518 3518 619 3583 oeulis
655 3518 814 3584 intuenda
848 3520 1135 3586 oommitteremus.
1194 3520 1261 3585 Sed

308 3621 384 3704 qnia
397 3641 458 3685 nos
472 3620 616 3687 exclusos
631 3621 789 3701 novimus,
803 3622 878 3688 ideo
895 3644 965 3689 non
980 3622 1050 3707 jam
1068 3623 1165 3689 intus
1178 3623 1262 3707 posi·

307 3730 368 3803 tas,
396 3724 453 3789 sed
473 3723 550 3789 foris
572 3724 625 3789 vix
646 3724 803 3791 habentes
825 3726 936 3790 literas
956 3726 1127 3805 mittimm,
1149 3733 1188 3791 ut
1206 3747 1260 3791 ve·

307 3826 397 3891 niam
415 3826 591 3910 postulent,
610 3834 643 3891 st
663 3848 722 3891 auo
744 3829 882 3911 gratiam
900 3828 1042 3908 domino,
1058 3828 1086 3893 si
1100 3828 1263 3914 quomodo

306 3930 441 4015 possint,
467 3929 554 4015 apud
576 3952 634 3996 vos
659 3932 910 4016 redintegrando
935 3933 1118 3998 concilient.
1164 3932 1262 3999 Quod

308 4038 419 4100 tamen
432 4033 587 4099 trementi
603 4034 758 4123 planula
776 4035 867 4099 laetu
884 4034 980 4100 facile
998 4058 1066 4102 non
1086 4056 1261 4119 speramus,

308 4134 349 4201 ad
368 4156 466 4219 quam
484 4156 545 4201 neo
564 4158 699 4201 monum
718 4138 850 4222 porrigi,
864 4158 926 4203 mo
940 4145 1062 4203 vestros
1075 4138 1170 4202 facile
1184 4157 1261 4201 oon-

308 4239 389 4303 verti
408 4240 518 4306 oculos
537 4259 629 4324 posse
648 4242 855 4307 aestimamus.
901 4242 1000 4307 Unde
1021 4241 1049 4305 si
1069 4261 1129 4305 nos
1149 4238 1262 4322 dedig-

308 4342 399 4407 natio
410 4342 499 4425 justs
512 4344 676 4428 repulerit,
691 4344 839 4409 volamus
858 4344 973 4410 saltem
987 4343 1067 4408 alios
1080 4362 1149 4406 non
1162 4340 1263 4410 lutere
