3225 5192
393 691 437 756 42
642 707 803 754 cssssans
820 703 939 754 sessos
953 704 1100 753 sssssss

394 825 437 891 tis
448 824 682 910 wigorniensis
704 823 885 908 acquiescet
904 823 1037 888 ecclesia
1050 821 1167 907 quibus
1181 821 1349 888 dominum

394 929 579 1014 episcopum
604 928 700 1013 juxte
727 925 884 1012 placitam
905 933 1049 992 vestrum
1076 925 1259 1010 periturum
1280 947 1349 992 non

395 1033 598 1115 ambigimus.
657 1029 834 1096 conservet
862 1029 1118 1094 incolumitatem
1145 1035 1284 1094 vestram
1313 1031 1349 1094 in

393 1133 492 1217 longe
504 1139 661 1218 tempora,
676 1131 733 1216 qui
746 1151 815 1196 non
828 1130 994 1211 dormitet,
1008 1137 1118 1197 eustos
1133 1130 1247 1198 Issaei.

534 1433 757 1500 EPIS'POLA
778 1433 995 1499 xxlxo--sn
1010 1453 1205 1500 osaessuss.

395 1587 509 1654 stoc
533 1587 571 1651 G.
598 1586 774 1652 Glocestrioe
804 1587 907 1652 dictus
935 1587 1039 1667 obbas,
1063 1589 1174 1652 dilecto
1194 1587 1267 1671 filio
1291 1610 1347 1654 suo

515 1690 660 1770 Ostenso,
675 1711 737 1754 aon
751 1689 909 1772 trepidare
922 1691 976 1753 ubi
989 1711 1051 1754 nos
1064 1697 1112 1755 est
1126 1691 1228 1756 timor.

439 1844 568 1908 Monac
589 1850 633 1922 te,
649 1843 697 1907 dli
717 1843 891 1922 carissime,
910 1843 1060 1909 edificare
1079 1851 1113 1910 et
1133 1845 1291 1930 plantare,
1313 1851 1347 1910 ct

394 1953 515 2014 terram
528 1953 620 2012 tuam
635 1967 674 2012 eo
687 1967 815 2010 vomere
834 1954 957 2031 quotu
975 1948 1037 2014 scis
1058 1969 1206 2016 exercere
1222 1957 1257 2014 et
1275 1948 1347 2014 dili·

396 2058 511 2136 genter
533 2049 686 2115 excolere.
732 2049 819 2114 Satis
842 2050 1001 2116 hactenus
1022 2053 1131 2136 spinas
1154 2060 1188 2118 et
1210 2053 1348 2118 tsibulcs

396 2153 598 2238 germinavit,
614 2153 680 2232 sed,
696 2152 778 2217 siout
792 2153 877 2218 bene
894 2154 1030 2238 coepisti,
1045 2153 1073 2219 si
1091 2155 1194 2221 labori
1212 2156 1299 2222 bom
1312 2164 1347 2222 et

394 2256 546 2321 exercitio
562 2256 724 2320 instanter
743 2255 939 2335 incubueris,
954 2257 1030 2337 scio,
1045 2258 1114 2322 scio
1129 2259 1217 2343 quod
1236 2261 1348 2324 fiuotu

395 2359 482 2424 bono
504 2379 572 2423 non
595 2357 760 2422 fraudabit
784 2365 819 2422 te
843 2357 1013 2422 Dominus.
1065 2359 1151 2425 Volo
1172 2381 1248 2426 vero
1271 2381 1348 2426 vssa

394 2463 504 2529 omnia
517 2461 632 2527 domus
645 2467 712 2525 tuse
727 2459 815 2524 salva
826 2465 862 2524 et
874 2460 998 2528 munda
1010 2461 1180 2542 custodias,
1195 2472 1231 2528 et
1242 2465 1347 2548 ipsam

395 2567 529 2632 domum
548 2571 641 2630 tuam
660 2585 725 2648 qua
742 2563 862 2649 poteris
881 2564 1079 2648 supellectile
1095 2566 1219 2634 munds
1236 2573 1270 2632 et
1287 2567 1346 2632 bo·

394 2677 489 2737 nesta
516 2671 645 2735 munias
670 2677 705 2734 et
730 2689 874 2734 exornes
927 2669 1041 2736 laudo
1069 2671 1167 2736 etiam
1195 2678 1230 2737 te
1259 2693 1346 2738 seras

393 2780 560 2858 portarmn
573 2781 706 2838 tuarum
719 2771 912 2852 confestam,
921 2772 1055 2838 domum
1063 2780 1155 2838 tuum
1166 2773 1250 2840 vallo
1259 2775 1346 2841 bono

393 2888 428 2947 et
440 2902 535 2946 muro
548 2878 791 2964 inexpugnabili
804 2878 1002 2959 circundare,
1013 2901 1056 2944 ne
1067 2877 1188 2945 scilicet
1199 2901 1279 2964 gens
1289 2881 1345 2945 illa

394 3005 475 3069 quse,
491 2985 574 3048 sicut
593 2991 632 3047 tu
651 2981 740 3061 dicis,
754 2981 881 3046 hirsuta
893 2981 1002 3047 fronte
1015 2990 1048 3047 et
1062 2982 1160 3048 torvis
1174 2984 1276 3049 oculis
1294 3002 1344 3049 re·

394 3086 498 3170 spicit,
512 3086 671 3169 irrumpat
689 3084 726 3147 in
745 3104 817 3150 eam
836 3091 871 3148 et
889 3103 1001 3149 omnes
1015 3085 1140 3151 labores
1152 3094 1227 3152 tuos
1242 3094 1276 3152 et
1290 3106 1344 3152 su-

393 3189 486 3254 dores
499 3189 624 3271 impetu
637 3205 705 3251 nno
718 3185 859 3270 diripiat
901 3185 989 3251 Nolo
1002 3191 1343 3274 vuatransmigrstio-

392 3291 444 3356 nia
459 3291 526 3356 sint
540 3289 627 3374 apud
640 3295 684 3367 te,
698 3309 760 3353 nec
774 3289 860 3374 quod
873 3289 910 3354 in
924 3290 1032 3374 aliquo
1044 3292 1225 3376 praetendas
1239 3301 1343 3363 bans-

391 3392 594 3478 migsationis
612 3392 771 3472 habitum,
790 3393 848 3457 aed
866 3392 1051 3459 stabilitatis
1071 3395 1108 3459 in
1128 3402 1216 3461 tersa
1238 3404 1344 3464 vestra

392 3519 489 3582 quam
510 3496 601 3562 dedit
620 3495 712 3562 vobis
731 3496 893 3561 Dominus
911 3497 1001 3562 Deus
1022 3505 1056 3563 et
1077 3500 1253 3566 mansionis
1272 3502 1344 3568 diu·

391 3611 498 3670 turne
518 3603 729 3688 propositus.
773 3603 871 3668 Dices
891 3625 967 3669 vero
988 3604 1098 3672 enticis
1118 3608 1238 3672 nostris
1253 3609 1342 3674 Wal-

389 3705 533 3772 lensibus
547 3727 603 3771 vos
617 3705 658 3772 de
671 3706 733 3771 boo
747 3705 834 3791 quod
848 3706 1023 3771 audierunt
1035 3707 1117 3772 nibil
1130 3711 1260 3792 penitus
1279 3711 1344 3777 illis

391 3811 582 3876 issocnanltis
604 3817 740 3876 acturos.
784 3810 942 3876 Videmus
960 3831 1041 3876 vero
1056 3819 1189 3896 gentem
1203 3821 1342 3880 vestram

390 3913 541 3982 timorem
555 3911 688 3977 Domini
706 3917 742 3976 et
757 3911 969 3977 reverentiam
983 3915 1157 3980 metuarii
1173 3918 1341 4003 parvipen.

391 4017 476 4096 dem,
492 4023 525 4080 et
539 4016 611 4080 illos
626 4015 774 4080 eudimus
792 4016 899 4080 Deum
919 4021 953 4102 et
971 4018 1043 4083 loca
1060 4026 1174 4084 sancta
1187 4027 1221 4085 et
1234 4041 1342 4104 perso-

390 4143 451 4186 nas
464 4125 664 4185 consecsatas
679 4118 821 4183 Domino
834 4118 1009 4204 diligentes·
1027 4120 1196 4187 bonosase.
1239 4125 1341 4208 Prop-

388 4221 1185 4312 terbccomniadusumeatnobisillisquifere
1202 4247 1341 4292 nonen·
1406 4234 1417 4250 ·

387 4325 1342 4414 rantvosmsgisinserietubbisqaivosvenessntsn
