3225 5192
272 725 338 770 an.
359 710 556 798 nol-aa]
603 736 1044 787 nounoumnsrsuvrsrona.
1158 727 1221 788 325

384 1063 939 1144 EPISTOLA500xxxlll.-in
956 1093 1101 1137 nosnnn.

271 1217 308 1278 G.
325 1218 387 1281 Dei
404 1221 513 1300 pratia
535 1221 758 1286 Londoniensis
777 1225 1086 1307 apocopationis
1106 1227 1167 1290 sibi
1187 1229 1222 1290 in

311 1320 452 1400 Domino,
474 1325 712 1403 archidiaconis,
733 1325 867 1405 decanis,
887 1335 917 1392 et
939 1330 1077 1392 omnibns
1099 1331 1220 1394 ecclesi·

311 1444 399 1486 aram
415 1429 559 1507 personis
573 1449 635 1509 per
657 1431 866 1511 episcopatum
883 1433 1128 1497 Londoniensem
1148 1454 1219 1498 con-

309 1531 437 1608 stitutis,
452 1532 592 1611 salntem,
604 1534 753 1614 pretinm,
769 1540 799 1596 ci
816 1533 1062 1600 bnsedictimsem.

310 1679 394 1745 Qua
406 1675 561 1764 religiosis
575 1681 652 1747 locis
668 1682 785 1748 divinae
800 1685 1080 1768 contemplationis
1095 1687 1219 1751 iutuitu

266 1783 381 1848 collata
396 1793 482 1865 sunt,
495 1787 664 1870 episcopali
676 1789 802 1872 justum
819 1796 869 1852 est
884 1790 1075 1854 auctoritate
1087 1790 1218 1868 firmari,

265 1909 306 1951 ne
321 1889 447 1952 valeant
466 1889 501 1951 in
521 1897 685 1973 posterum
706 1907 814 1952 rerum
835 1889 921 1953 facili
940 1889 1121 1957 mobilitate
1141 1913 1218 1955 con-

264 1991 346 2054 velli.
401 1992 483 2056 Inde
514 1999 562 2056 est
593 1991 678 2076 quod
709 1992 933 2056 authenticum
961 1994 1217 2058 instrumentum

263 2095 394 2159 illustris
412 2096 471 2159 viri
489 2093 701 2180 walterissfilii
724 2095 859 2160 Roberti
882 2105 1063 2178 sequentes,
1081 2118 1144 2180 quo
1167 2118 1217 2160 ec-

263 2199 366 2264 clesiae
381 2200 483 2264 sancti
504 2199 604 2263 Neoti
619 2206 652 2263 et
666 2199 833 2264 monachis
847 2198 893 2263 ibi
909 2201 980 2264 Deo
994 2198 1216 2279 servientibus,

259 2303 312 2386 jus
333 2303 431 2366 divini
453 2309 485 2366 et
505 2303 721 2367 advocationis
741 2303 826 2386 quod
848 2303 1007 2366 habuerat
1026 2304 1059 2365 in
1083 2303 1217 2368 ecclesia

264 2406 303 2470 de
317 2405 456 2470 Wimbis
477 2415 510 2472 et
529 2407 564 2470 in
580 2405 713 2470 ecclesia
727 2407 831 2469 sancti
846 2406 986 2470 Andreae
1003 2407 1088 2470 infra
1107 2428 1215 2471 muros

263 2509 631 2573 Londoniae‘·‘00nfirmat
643 2535 652 2587 3
681 2529 739 2572 nos
762 2530 890 2594 quoque
910 2509 943 2572 id
965 2510 1071 2592 ipsum
1093 2508 1214 2572 eisdem

262 2613 476 2692 concedimus,
492 2619 524 2677 et
541 2621 577 2677 ut
593 2612 652 2676 sibi
669 2613 708 2677 de
724 2619 840 2677 caetero
855 2613 985 2675 firmum
1000 2617 1034 2679 ct
1048 2611 1214 2675 inconvul-

262 2738 333 2780 sum
354 2725 551 2802 permaneat,
575 2715 745 2800 episcopali
767 2715 812 2779 eis
835 2715 1036 2791 auctoritate,
1061 2721 1094 2778 et
1117 2714 1211 2798 sigilli

261 2820 364 2884 nostri
378 2819 585 2883 attestatione
600 2817 851 2884 corroboramus.
883 2818 1009 2881 Valete.

382 3121 601 3187 EPISTOLA
624 3120 929 3185 coxarum-sn
946 3141 1090 3185 nosnnu.

262 3279 300 3340 G.
318 3279 380 3341 Dei
397 3279 505 3360 pratia
526 3277 748 3340 Londoaieneis
770 3279 937 3360 episcopua,
954 3278 1075 3341 dilectis
1096 3278 1157 3340 sibi
1177 3279 1212 3342 in

301 3383 446 3459 Domino,
472 3382 623 3444 universis
648 3381 781 3462 quadem
803 3379 937 3443 ecclesia
953 3382 1158 3460 parochianis
1181 3387 1212 3444 et
1244 3424 1252 3437 .

289 3486 385 3566 filiis,
401 3486 540 3562 salman,
553 3485 702 3566 matiam,
720 3489 750 3546 ei
765 3484 1013 3547 benedictionem.

301 3636 465 3698 Vasrannr
490 3655 582 3718 spero
605 3634 760 3698 carissimi
782 3656 848 3699 non
871 3635 971 3698 latere
993 3633 1210 3716 prudentiam,

258 3758 354 3820 quam
381 3737 423 3801 sit
449 3736 535 3800 utilis
562 3736 802 3820 multorumque
828 3737 1008 3800 necessaria
1034 3735 1210 3800 commodis

257 3838 422 3923 hospitalis
450 3839 506 3903 illa
536 3839 648 3903 domus
679 3861 751 3925 quae
787 3860 887 3923 prope
924 3838 1089 3903 ecclesiam
1119 3837 1209 3902 beati

254 3942 485 4008 Bartholomaei
506 3942 684 4006 Londonioe
704 3949 890 4005 constructa
908 3949 967 4021 est,
983 3942 1018 4003 in
1034 3963 1098 4024 qua
1112 3941 1207 4004 mise-

254 4045 400 4110 ricordiae
425 4045 602 4110 deservitur
631 4045 790 4129 operibus,
818 4053 851 4108 et
880 4065 1059 4128 pauperum
1085 4042 1207 4106 Christi

255 4149 428 4212 necessitas
449 4148 575 4213 assidue
595 4149 699 4212 multo
719 4147 835 4226 studio,
857 4149 1023 4230 multaque
1038 4145 1208 4228 diligentia

255 4250 449 4315 sublevatur.
495 4253 578 4318 Quae
593 4273 667 4315 cum
683 4252 762 4316 actis
776 4260 863 4314 retro
878 4247 1076 4333 temporibus
1091 4248 1206 4312 studiis

255 4353 438 4439 hujusmodi
462 4355 632 4438 vigilanter
655 4353 842 4432 intenderit,
867 4353 1069 4436 adpraesens
1093 4359 1203 4416 tamen
