3225 5192
321 655 605 739 ualles-61]
656 675 952 719 nnsnncnnunsis
968 678 1146 723 nrisnoas.
1212 661 1274 723 165

318 800 415 858 tuum
435 794 497 859 sibi
515 796 609 858 firma
630 799 853 879 permaneant.
897 792 941 855 In
954 792 1094 859 hisvero
1113 793 1183 859 haec
1201 815 1274 878 pro-

319 896 398 980 priis
413 897 564 961 duximus
578 896 787 982 exprimenda
799 894 973 961 vocabulis.

603 1002 845 1084 (Desiderantar
857 1002 998 1084 relique.)

323 1289 544 1355 EPISTOLA
567 1287 812 1353 cxxvi-in
832 1308 983 1352 insusse
1003 1308 1278 1353 incessantius.

328 1442 366 1504 G.
381 1442 443 1504 Dei
454 1440 563 1523 qratia
577 1438 828 1519 Heresordiensia
843 1438 976 1503 ecclesie
991 1439 1142 1517 minster,
1158 1439 1281 1502 dilectis

367 1545 426 1607 sihi
440 1546 474 1608 ia
483 1544 617 1607 Domino
624 1541 786 1624 fratribus
800 1542 1023 1606 Teocleaberiae
1033 1543 1166 1606 Domino
1172 1542 1279 1625 famu-

368 1648 465 1711 latum
480 1645 700 1725 exhibentibus,
716 1648 857 1709 salutern.

371 1798 518 1863 Samus
534 1798 668 1863 docetur
689 1819 706 1861 e
726 1796 823 1877 facili,
839 1805 873 1861 et
888 1797 944 1883 qni
959 1795 1114 1862 doctrinis
1133 1797 1281 1876 affluunt,

323 1900 383 1965 lios
395 1901 472 1964 satis
486 1907 535 1965 est
550 1902 715 1966 succincta
725 1899 884 1964 brevitate
898 1899 1104 1964 commoneri.
1136 1900 1172 1963 Si
1186 1898 1281 1963 liber·

323 2004 386 2068 tati
407 2010 520 2067 vestrae
542 2024 639 2087 quam
661 2002 745 2067 circe
768 2003 870 2085 patris
894 2002 1085 2066 electionem
1109 2001 1283 2085 apostolica

324 2106 414 2170 vobis
434 2105 581 2170 concedit
604 2112 637 2169 et
659 2106 829 2170 confirmat
851 2105 1036 2184 auctoritas,
1058 2104 1095 2167 in
1114 2125 1280 2186 magnum,

326 2208 411 2292 quod
434 2208 527 2287 absit,
551 2208 692 2272 ecclesiae
714 2213 827 2272 vestrae
848 2208 1072 2292 prejudicium
1094 2214 1209 2290 sponte
1231 2228 1282 2271 re·

325 2312 497 2390 nunciatis,
510 2311 669 2395 judicium
684 2310 797 2395 utique
809 2312 936 2395 justum
947 2318 1005 2390 est,
1016 2316 1054 2375 ut
1066 2332 1104 2375 ea
1115 2311 1155 2374 de
1166 2317 1283 2383 cetero
1386 2386 1389 2389 ⁴

325 2414 470 2493 careatis,
487 2420 520 2477 et
536 2414 623 2497 quod
645 2435 684 2477 ex
707 2412 840 2479 arbitrio
862 2414 1044 2497 suscepistis
1063 2416 1181 2498 jugum
1201 2412 1283 2477 illud

325 2516 383 2579 diu
413 2516 608 2580 sustineatis.
655 2516 752 2582 Quod
781 2516 858 2599 quie
881 2516 972 2581 vobis
998 2515 1187 2600 captiosum,
1217 2515 1283 2578 imo

326 2640 450 2683 summe
465 2618 680 2701 periculosum
694 2624 754 2697 cst,
771 2619 963 2683 mandamus
977 2618 1066 2684 vobis
1087 2624 1121 2681 et
1140 2617 1285 2681 fraterne.

324 2721 458 2785 caritate
474 2722 683 2799 consulimus,
700 2722 854 2806 quatinus
871 2720 1014 2785 libertati
1029 2726 1142 2784 vestrae
1156 2740 1283 2784 conser-

325 2825 437 2889 vandae
456 2824 656 2888 unanimiter
673 2823 862 2901 intendatis,
882 2844 923 2886 ne
944 2824 971 2886 si
991 2823 1032 2888 ob
1053 2822 1283 2907 cujuscumque

324 2928 464 2991 favorem
481 2928 570 2991 aliud
583 2926 720 2991 fortasse
734 2926 886 3005 feceiitis,
901 2926 1043 2990 ecclesiae
1056 2932 1171 2989 vestrae
1185 2925 1281 2990 detn'-

325 3037 474 3094 mentum
488 3052 564 3094 cum
583 3029 618 3093 id
635 3030 704 3114 jam
723 3029 895 3093 emendare
909 3050 977 3094 non
991 3029 1148 3112 poteritis,
1164 3035 1282 3092 seruet

324 3133 524 3199 infructuosa
541 3132 736 3217 poenitentia
754 3133 903 3216 lugeatis.
948 3132 1065 3197 Valeat
1080 3133 1197 3197 caritas
1211 3152 1280 3196 ves-

325 3244 386 3315 tra,
403 3236 610 3300 dilectissimi.

435 3475 655 3541 EPISTOLA
679 3476 945 3543 cxxv11.-i1›
961 3497 993 3541 n.
1010 3496 1167 3541 coninsn

695 3599 912 3642 aniciensis.

328 3728 502 3793 Venerabili
516 3729 639 3793 demite
654 3735 685 3794 et
699 3730 799 3794 amico
814 3730 850 3792 ia
861 3731 985 3793 Christo
999 3730 1161 3793 cariscmo
1175 3728 1281 3791 comiti

366 3832 406 3894 R.
435 3832 649 3914 Leyecestrioe,
671 3830 779 3913 frater
805 3833 842 3895 G.
868 3830 1119 3913 Herefordiensis
1147 3830 1281 3895 ecclesie

367 3936 517 4010 minister,
532 3936 663 3999 salutem
680 3941 711 3998 et
729 3936 879 4017 qratiam,
895 3942 926 3998 et
947 3955 968 3997 α
989 3955 1083 3998 manu
1098 3937 1206 4017 petiis
1226 3954 1280 3997 ee-

368 4033 442 4099 celsi
456 4038 692 4106 benedictionem
701 4044 895 4121 papatuum.

368 4188 409 4251 In
432 4187 482 4266 iis,
497 4188 670 4267 carissime,
686 4210 758 4271 quae
779 4207 853 4253 mea
873 4195 980 4272 potest
1002 4187 1157 4253 sedulitas
1178 4186 1279 4251 adim-

323 4290 420 4374 plere,
437 4289 561 4355 debetis
576 4312 643 4355 non
657 4290 706 4355 uti
722 4312 826 4375 prece,
842 4291 899 4355 sed
909 4292 1064 4376 jussione.
1109 4291 1169 4353 Est
1192 4288 1279 4353 enim
