3225 5192
388 718 450 781 18ss
545 766 549 777 .
697 734 859 777 creseunt
877 732 1026 777 rr1scor1

424 1066 646 1137 ErlsdoLA
667 1064 967 1131 cmm-m
983 1082 1167 1129 arcenuuu
1184 1082 1311 1127 nonno·

682 1188 836 1233 NIBNSBH
852 1186 1055 1231 nrlscoruu.

396 1320 571 1385 Venerabili
591 1321 713 1385 dominc
726 1318 891 1401 fratrique
910 1319 1071 1382 casiam
1084 1317 1125 1381 R.
1139 1316 1346 1380 hadom-emi

434 1426 496 1489 Dei
511 1426 620 1509 prolia
639 1424 790 1506 episcopo,
803 1422 915 1503 frater
931 1423 970 1485 G.
986 1419 1240 1503 Heresordiemic
1252 1422 1346 1483 ecole-

434 1530 489 1591 eioe
504 1529 654 1606 minister,
669 1527 811 1591 coloten.

437 1680 524 1743 Pso1
551 1684 664 1742 vestrae
690 1676 900 1761 congratulor
923 1696 996 1760 quae
1020 1696 1097 1739 oum
1122 1673 1274 1739 Johanne
1298 1694 1346 1737 rc-

392 1783 532 1848 sormate
546 1788 607 1846 est.
637 1780 725 1865 Opto
740 1786 861 1859 nutem,
876 1787 915 1845 ut
930 1800 1002 1863 quae
1015 1799 1121 1862 nuper
1134 1786 1247 1843 exorta
1260 1783 1346 1852 sunt,

395 1885 534 1949 discrete
544 1884 680 1968 alicujus
690 1882 928 1948 interveniente
942 1881 1116 1966 prudentie
1129 1881 1348 1965 pacificentur.

395 1987 579 2053 Contristor
601 1992 710 2051 autem
734 1993 768 2051 et
791 1992 881 2050 totus
906 1992 1095 2050 consternor
1120 1985 1239 2064 auimo,
1264 1982 1349 2067 quod

395 2090 474 2156 talia
489 2088 657 2154 adversum
678 2110 734 2153 vos
755 2088 945 2172 permisistis
959 2108 1136 2172 erumpere,
1151 2108 1224 2172 quoe
1242 2086 1351 2151 omnia

396 2194 568 2259 suffocasse
586 2192 755 2257 mediocris
770 2192 902 2275 quidem
916 2192 996 2256 dum
1010 2198 1123 2256 tamen
1140 2189 1273 2274 provida
1290 2189 1350 2253 eir·

397 2296 593 2381 cumspectio
612 2295 779 2379 potidsset.
824 2294 914 2360 Nain
933 2295 1009 2359 lieet
1027 2295 1109 2359 falsa
1127 2294 1193 2358 sint
1213 2314 1284 2377 quie
1302 2291 1350 2355 di·

397 2406 527 2479 cuntur,
537 2420 609 2483 quoe
623 2405 692 2463 tam
704 2399 871 2483 jactantur
884 2399 920 2462 in
933 2399 1050 2482 vulgus
1064 2397 1183 2461 malum
1197 2395 1350 2461 orationis

398 2502 543 2567 subudum
562 2522 620 2586 per
638 2502 815 2566 multorum
833 2522 927 2567 aures
944 2501 1167 2566 disseminent.
1211 2499 1350 2564 AEatimo

399 2626 474 2671 vero
495 2604 707 2669 necessariam
733 2605 857 2669 domini
882 2604 1060 2670 Linooluiae
1086 2603 1291 2683 industrium,
1313 2610 1351 2667 ut

400 2708 470 2793 ipse
488 2728 691 2793 quocumque
710 2708 830 2793 poterit
848 2707 945 2772 modo
966 2706 1147 2773 Hem-icum
1166 2707 1208 2771 ad
1227 2728 1262 2771 ae
1281 2726 1350 2770 evo-

402 2818 464 2891 cet,
480 2818 513 2877 et
532 2812 665 2897 negotio
678 2810 847 2876 incumbat
865 2817 1011 2890 eatenus,
1025 2817 1064 2874 ut
1078 2832 1151 2895 quae
1163 2816 1273 2874 motus
1291 2809 1352 2872 ira·

401 2915 521 2980 cundia
545 2916 690 2999 protulit,
714 2936 886 2981 conversus
912 2914 954 2979 ad
978 2936 1034 2979 oor
1059 2921 1092 2979 et
1117 2914 1254 2993 deserat,
1275 2920 1310 2977 et
1333 2933 1354 2975 a

401 3018 564 3106 proposita
585 3018 767 3083 intentione
789 3018 886 3081 simul
908 3024 942 3083 et
965 3017 1180 3101 appellatione
1200 3014 1352 3081 disoedat.
1447 3019 1450 3022 ’

403 3120 499 3189 Quod
523 3122 672 3206 equidem
696 3122 852 3202 obtinere,
876 3122 1015 3207 sapienti
1038 3143 1105 3187 nou
1130 3122 1193 3186 erit
1218 3120 1355 3199 difficile,

358 3286 363 3299 ι
402 3224 458 3307 qui
472 3223 612 3308 lapidem
626 3226 751 3289 noverit
766 3247 897 3290 omnem
912 3246 1049 3291 movere.
1087 3225 1203 3289 Dicere
1217 3244 1355 3307 namque

401 3327 470 3391 leve
494 3332 553 3405 est,
570 3326 635 3393 ,sed
660 3327 846 3413 episcopum
869 3335 927 3393 aut
951 3331 1125 3394 honestum
1147 3328 1299 3392 clericum
1319 3326 1355 3390 in

403 3430 588 3513 hujusmodi
603 3431 802 3511 convincere,
818 3432 889 3517 ejus
907 3440 995 3497 certe
1011 3432 1131 3497 viribus
1150 3430 1355 3516 impossibile.
1420 3433 1422 3437 ’

404 3531 656 3599 Formidaudum
678 3534 740 3599 sibi
759 3536 911 3619 equidem
930 3558 972 3601 ne
990 3557 1088 3620 poenc
1106 3558 1204 3621 quam
1222 3536 1259 3599 in
1277 3536 1357 3599 alte·

403 3656 478 3701 rum
506 3635 659 3715 intentat,
689 3636 725 3701 in
754 3639 964 3723 semetipsum
992 3638 1119 3717 obruat,
1145 3645 1179 3703 et
1206 3638 1357 3703 involvat.

407 3738 568 3823 Quicquid
588 3748 699 3805 tamen
714 3743 827 3825 egerit,
842 3742 933 3808 vobis
948 3743 1117 3811 dominum
1135 3761 1251 3829 papam
1271 3742 1358 3806 adire

354 3860 356 3875 ·
406 3863 537 3907 necesse
559 3850 618 3923 est,
634 3845 847 3928 quodmulto
867 3846 1036 3912 honestius
1057 3846 1215 3925 faceretis,
1230 3845 1359 3911 oblitte-

405 3946 484 4010 retis
505 3968 577 4030 quae
598 3947 725 4033 objecta
746 3956 824 4014 sunt
846 3950 1045 4016 consessione
1065 3950 1264 4035 penitentis.
1308 3949 1359 4014 De

406 4054 523 4115 caetero
544 4050 632 4116 vobis
657 4052 697 4115 nd
721 4052 918 4137 colloquium
942 4059 1109 4120 occurrere
1135 4053 1222 4138 npud
1245 4052 1360 4118 Orlor·

407 4154 493 4219 diam
508 4154 559 4219 die
575 4154 732 4219 Mercurii
746 4157 893 4241 proxima
905 4164 979 4241 post
993 4157 1247 4241 assumptionem
1257 4155 1361 4220 beatae

318 4263 325 4273 '
406 4257 539 4342 virginis
554 4265 685 4342 paratus
701 4281 783 4323 aum.
825 4260 890 4325 Sed
904 4260 946 4325 ad
959 4262 1023 4326 iter
1038 4260 1125 4345 quod
1139 4260 1277 4344 exigitis,
1291 4280 1360 4325 om·

408 4362 487 4425 uino
508 4369 594 4427 certe
614 4362 800 4448 imperatus.
845 4365 933 4429 Nom
955 4364 1017 4430 etsi
1037 4366 1074 4428 in
1096 4386 1174 4449 pace
1194 4371 1361 4447 suntque
