3225 5192
401 681 467 746 346
709 691 869 736 oiusssrs
887 689 1039 734 nr1scors

403 815 515 881 eodem
536 813 687 878 asseritur
702 811 831 894 scripto,
845 829 903 892 per
921 829 981 872 nos
1001 807 1119 872 instrui
1138 807 1178 871 de
1197 806 1355 872 beneficio

402 917 488 1002 quod
506 916 593 1000 prior
607 922 641 980 et
655 913 800 979 esnoniei
816 911 856 976 de
872 910 1025 994 stodlege
1038 911 1075 974 in
1088 931 1165 975 eum
1178 911 1353 975 eontulisse

401 1017 719 1102 dieunt1u,quidilli
734 1015 855 1080 scilieet
869 1021 903 1078 et
917 1020 1077 1098 quantum
1096 1014 1134 1078 in
1152 1021 1265 1078 nostre
1283 1014 1352 1077 fue·

400 1123 444 1188 rit
459 1121 658 1206 assignatum
672 1118 855 1204 praesentis.
896 1116 1125 1181 Desiderumus
1139 1123 1173 1180 et
1186 1137 1247 1180 nos
1261 1137 1354 1180 suum

402 1227 438 1290 in
458 1225 609 1290 omnibus
631 1223 790 1309 justitiam
821 1243 880 1304 pro
904 1219 1091 1286 hominibus
1116 1218 1283 1283 abundare
1303 1219 1353 1282 in-

403 1327 602 1406 strumentis,
617 1347 660 1391 ne
675 1347 739 1410 que
757 1325 857 1410 possit
876 1344 1021 1407 unquam
1040 1321 1181 1386 falsitate
1200 1321 1352 1385 subverti.

404 1431 528 1494 Verum
548 1449 607 1494 nos
627 1435 737 1492 tentus
757 1425 994 1510 circumstrepit
1012 1425 1218 1508 negotiorum
1231 1425 1353 1488 tomul-

402 1541 466 1609 tus,
487 1541 525 1597 ut
549 1533 602 1596 vix
623 1538 733 1598 nostre
753 1531 912 1614 possimus
934 1549 1047 1595 muare
1068 1529 1208 1611 negotis,
1231 1529 1352 1592 nedum

403 1635 517 1713 aliens,
534 1655 605 1718 quae
625 1641 658 1697 et
677 1633 746 1696 loeo
766 1639 799 1697 et
818 1639 963 1715 tempore
978 1639 1046 1694 tem
1061 1637 1185 1695 remote
1197 1631 1352 1709 existunt,

404 1740 444 1804 ed
459 1760 531 1803 eam
547 1759 643 1822 quum
657 1736 785 1820 exigitis
805 1735 1046 1800 distinctionem
1064 1734 1260 1817 reoolligere.
1306 1733 1353 1797 At

403 1839 430 1904 si
455 1845 554 1904 testes
579 1858 647 1904 non
671 1837 799 1915 desunt,
823 1835 940 1919 quibus
964 1835 1135 1921 plusquam
1159 1835 1353 1898 testimoniis

404 1941 492 2006 credi
511 1947 647 2025 oportet,
668 1939 695 2004 si
716 1940 803 2023 prior
825 1947 858 2004 et
879 1939 1036 2017 canonici,
1051 1939 1093 2002 de
1111 1959 1248 2022 quorum
1268 1939 1354 2002 fecto

404 2047 472 2130 sgr'
496 2045 690 2110 beneficium
714 2065 781 2109 non
803 2051 962 2122 revocent,
985 2043 1012 2106 si
1033 2049 1149 2107 caetera
1170 2065 1275 2106 eausae
1300 2063 1355 2105 ne-

405 2149 542 2212 cessarie
568 2147 655 2212 domi
685 2154 878 2211 suoeurrunt
902 2154 936 2211 et
961 2147 1190 2229 suffragentur,
1213 2153 1253 2209 ut
1278 2145 1354 2229 quid

404 2258 516 2315 nostra
537 2250 712 2334 requiritur
731 2249 906 2328 attestatio,
929 2256 969 2313 ut
991 2247 1069 2333 quid
1093 2249 1135 2312 sd
1160 2269 1356 2332 supervacua

405 2353 562 2418 sudetur?
596 2354 761 2436 Rogamus
775 2353 878 2436 igitur
890 2374 934 2416 ne
948 2352 991 2417 sit
1005 2351 1192 2435 scrupulosa
1205 2352 1355 2416 adversus

404 2476 480 2520 eum
503 2455 700 2520 conscientia
723 2461 839 2534 vestre,
866 2454 1011 2538 eoquod
1036 2461 1185 2518 nostrum
1209 2476 1277 2518 non
1305 2475 1354 2518 re·

406 2565 514 2643 portat
539 2557 772 2636 testimonium,
796 2557 872 2640 quis
896 2558 924 2622 si
945 2557 1029 2625 forte
1050 2557 1174 2622 foetum
1195 2565 1354 2637 tenemus,

406 2685 473 2727 non
488 2667 598 2726 temen
615 2663 699 2747 ipses
714 2661 790 2727 fecti
807 2663 1074 2742 circumstantius,
1090 2684 1169 2746 quas
1188 2663 1355 2747 scripture

405 2766 509 2831 forme
541 2766 728 2849 requireret,
758 2765 799 2830 sd
833 2766 1021 2829 memorium
1049 2787 1244 2830 revocemus.
1305 2767 1356 2831 De

406 2875 531 2947 esetero,
551 2869 674 2933 dietum
698 2875 846 2933 nostrum
869 2869 1033 2932 dilectioni
1055 2877 1169 2933 vestrae
1191 2889 1354 2932 commen-

406 2973 530 3050 damus,
546 2979 584 3036 ut
606 2993 702 3055 quem
727 2972 776 3035 sui
801 2972 916 3035 merito
939 2972 974 3035 in
998 2971 1149 3036 notitiam
1170 2972 1354 3051 admisistis,

406 3081 440 3136 et
455 3073 602 3156 gratiam,
614 3081 734 3152 nostru,
751 3072 778 3135 si
792 3072 906 3156 placet,
922 3075 1079 3156 petitione
1093 3075 1356 3138 commendatum

404 3175 559 3253 habeatis,
584 3185 617 3238 et
643 3197 702 3242 sus
724 3176 771 3240 illi
793 3177 870 3259 jure
892 3197 950 3259 per
973 3183 1111 3241 vestrum
1133 3177 1261 3260 integre
1286 3179 1355 3261 jus·

402 3278 508 3343 titiam
537 3279 739 3356 conservetis,
766 3284 804 3342 ut
830 3286 863 3343 et
888 3279 994 3363 ipsum
1018 3281 1131 3344 vestris
1156 3281 1272 3346 exinde
1300 3281 1355 3345 de·

404 3390 515 3445 votum
544 3380 714 3466 obsequiis,
744 3388 778 3446 et
806 3405 867 3447 nos
892 3381 981 3446 vobis
1009 3404 1068 3467 pro
1092 3385 1162 3466 ipso
1192 3384 1353 3467 amplioris

405 3487 518 3567 gratiae
533 3485 693 3550 debitores
711 3485 866 3549 efficietis.
912 3485 1036 3550 Videte.

551 3785 771 3852 EPISTOLA
794 3789 1040 3854 ccum-sn
1057 3811 1211 3854 nuunsns.

414 3938 588 4002 Venerabili
601 3938 707 4021 fratri
725 3942 764 4004 R.
782 3943 988 4023 Wiyorrsiensi
1005 3943 1067 4006 Dei
1080 3945 1188 4024 gratio
1206 3944 1357 4024 episeopo,

441 4045 551 4123 frater
569 4043 606 4106 G.
621 4043 844 4106 londoniensis
858 4043 991 4107 ecclesio
1005 4046 1154 4122 minister,
1169 4046 1309 4107 salutem.

452 4193 663 4258 Iusrsssrss
685 4193 815 4276 quidem
838 4200 872 4258 et
895 4195 1006 4278 plenas
1028 4195 1263 4278 ingratitudine
1287 4216 1358 4278 grs-

406 4298 479 4375 tius,
503 4304 616 4362 vestrse
639 4296 720 4360 mihi
742 4297 844 4361 literae
866 4298 1058 4377 retulerunt,
1083 4319 1161 4381 ques
1187 4319 1283 4382 super
1308 4317 1359 4362 cu-
