<?xml version="1.0" encoding="UTF-8"?>
<!DOCTYPE html PUBLIC "-//W3C//DTD XHTML 1.0 Transitional//EN"
    "http://www.w3.org/TR/xhtml1/DTD/xhtml1-transitional.dtd">
<html xmlns="http://www.w3.org/1999/xhtml" xml:lang="en" lang="en">
 <head>
  <title>
</title>
<meta http-equiv="Content-Type" content="text/html;charset=utf-8" />
  <meta name='ocr-system' content='tesseract 3.04.00' />
  <meta name='ocr-capabilities' content='ocr_page ocr_carea ocr_par ocr_line ocrx_word'/>
</head>
<body>
  <div class='ocr_page' id='page_1' title='image "./gilbertiexabbat00gilegoog_0049.png"; bbox 0 0 3225 5192; ppageno 0'>
   <div class='ocr_carea' id='block_1_1' title="bbox 420 677 1117 742">
    <p class='ocr_par' dir='ltr' id='par_1_1' title="bbox 420 677 1117 742">
     <span class='ocr_line' id='line_1_1' title="bbox 420 677 1117 742; baseline -0.007 0"><span class='ocrx_word' id='word_1_1' title='bbox 420 677 463 742; x_wconf 87' lang='lat'><strong>18</strong></span> <span class='ocrx_word' id='word_1_2' title='bbox 666 693 823 740; x_wconf 72' lang='lat' dir='ltr'><strong>onumen</strong></span> <span class='ocrx_word' id='word_1_3' title='bbox 837 692 958 738; x_wconf 79' lang='lat' dir='ltr'><strong>rumor</strong></span> <span class='ocrx_word' id='word_1_4' title='bbox 973 692 1117 738; x_wconf 76' lang='lat' dir='ltr'><strong>sensere</strong></span> 
     </span>
    </p>
   </div>
   <div class='ocr_carea' id='block_1_2' title="bbox 413 804 1465 4384">
    <p class='ocr_par' dir='ltr' id='par_1_2' title="bbox 413 804 1465 4384">
     <span class='ocr_line' id='line_1_2' title="bbox 420 804 1377 896; baseline 0.001 -20"><span class='ocrx_word' id='word_1_5' title='bbox 420 811 525 896; x_wconf 77' lang='lat' dir='ltr'><strong>gretie</strong></span> <span class='ocrx_word' id='word_1_6' title='bbox 542 810 579 876; x_wconf 92' lang='lat' dir='ltr'><strong>in</strong></span> <span class='ocrx_word' id='word_1_7' title='bbox 598 831 663 894; x_wconf 84' lang='lat' dir='ltr'><strong>que</strong></span> <span class='ocrx_word' id='word_1_8' title='bbox 676 808 782 875; x_wconf 83' lang='lat' dir='ltr'><strong>voeeti</strong></span> <span class='ocrx_word' id='word_1_9' title='bbox 801 814 889 887; x_wconf 86' lang='lat' dir='ltr'><strong>sunt,</strong></span> <span class='ocrx_word' id='word_1_10' title='bbox 908 807 1043 893; x_wconf 82' lang='lat' dir='ltr'>plurimi</span> <span class='ocrx_word' id='word_1_11' title='bbox 1060 804 1246 888; x_wconf 85' lang='lat' dir='ltr'><strong>elsbuntnr,</strong></span> <span class='ocrx_word' id='word_1_12' title='bbox 1261 816 1296 876; x_wconf 84' lang='lat' dir='ltr'><strong>et</strong></span> <span class='ocrx_word' id='word_1_13' title='bbox 1309 811 1377 876; x_wconf 87' lang='lat' dir='ltr'><strong>oul-</strong></span> 
     </span>
     <span class='ocr_line' id='line_1_3' title="bbox 419 909 1411 1000; baseline -0.001 -20"><span class='ocrx_word' id='word_1_14' title='bbox 419 915 469 1000; x_wconf 90' lang='lat' dir='ltr'><strong>pis</strong></span> <span class='ocrx_word' id='word_1_15' title='bbox 491 912 695 998; x_wconf 65' lang='lat' dir='ltr'><strong>exigentibus</strong></span> <span class='ocrx_word' id='word_1_16' title='bbox 716 912 752 976; x_wconf 91' lang='lat' dir='ltr'><strong>in</strong></span> <span class='ocrx_word' id='word_1_17' title='bbox 773 917 935 976; x_wconf 71' lang='lat' dir='ltr'><strong>eternum</strong></span> <span class='ocrx_word' id='word_1_18' title='bbox 954 909 1182 995; x_wconf 74' lang='lat' dir='ltr'><strong>reprobantur.</strong></span> <span class='ocrx_word' id='word_1_19' title='bbox 1227 912 1380 979; x_wconf 74' lang='lat' dir='ltr'><strong>Somnio</strong></span> <span class='ocrx_word' id='word_1_20' title='bbox 1405 931 1411 942; x_wconf 91' lang='lat'><strong>·</strong></span> 
     </span>
     <span class='ocr_line' id='line_1_4' title="bbox 418 1013 1380 1099; baseline -0.002 -15"><span class='ocrx_word' id='word_1_21' title='bbox 418 1025 489 1084; x_wconf 86' lang='lat' dir='ltr'><strong>rete</strong></span> <span class='ocrx_word' id='word_1_22' title='bbox 513 1039 582 1082; x_wconf 92' lang='lat' dir='ltr'><strong>non</strong></span> <span class='ocrx_word' id='word_1_23' title='bbox 604 1013 778 1099; x_wconf 85' lang='lat' dir='ltr'><strong>rumpitur,</strong></span> <span class='ocrx_word' id='word_1_24' title='bbox 803 1013 881 1098; x_wconf 80' lang='lat' dir='ltr'><strong>quis</strong></span> <span class='ocrx_word' id='word_1_25' title='bbox 905 1013 1068 1079; x_wconf 84' lang='lat' dir='ltr'><strong>Dominus</strong></span> <span class='ocrx_word' id='word_1_26' title='bbox 1092 1015 1212 1080; x_wconf 88' lang='lat' dir='ltr'><strong>eleetos</strong></span> <span class='ocrx_word' id='word_1_27' title='bbox 1237 1035 1313 1080; x_wconf 87' lang='lat' dir='ltr'><strong>suos</strong></span> <span class='ocrx_word' id='word_1_28' title='bbox 1337 1015 1380 1082; x_wconf 83' lang='lat' dir='ltr'><strong>sd</strong></span> 
     </span>
     <span class='ocr_line' id='line_1_5' title="bbox 419 1116 1380 1202; baseline 0 -18"><span class='ocrx_word' id='word_1_29' title='bbox 419 1119 520 1186; x_wconf 81' lang='lat' dir='ltr'><strong>vitem</strong></span> <span class='ocrx_word' id='word_1_30' title='bbox 541 1139 654 1185; x_wconf 90' lang='lat' dir='ltr'><strong>omnes</strong></span> <span class='ocrx_word' id='word_1_31' title='bbox 675 1116 851 1201; x_wconf 67' lang='lat' dir='ltr'><strong>pertrahet,</strong></span> <span class='ocrx_word' id='word_1_32' title='bbox 873 1121 907 1180; x_wconf 92' lang='lat' dir='ltr'><strong>et</strong></span> <span class='ocrx_word' id='word_1_33' title='bbox 930 1137 999 1180; x_wconf 90' lang='lat' dir='ltr'><strong>non</strong></span> <span class='ocrx_word' id='word_1_34' title='bbox 1021 1121 1072 1180; x_wconf 89' lang='lat' dir='ltr'><strong>est</strong></span> <span class='ocrx_word' id='word_1_35' title='bbox 1096 1117 1153 1200; x_wconf 89' lang='lat' dir='ltr'><strong>qui</strong></span> <span class='ocrx_word' id='word_1_36' title='bbox 1174 1118 1317 1202; x_wconf 69' lang='lat' dir='ltr'><strong>aliquem</strong></span> <span class='ocrx_word' id='word_1_37' title='bbox 1337 1118 1380 1184; x_wconf 78' lang='lat' dir='ltr'><strong>&lt;le</strong></span> 
     </span>
     <span class='ocr_line' id='line_1_6' title="bbox 419 1217 1379 1306; baseline -0.002 -18"><span class='ocrx_word' id='word_1_38' title='bbox 419 1243 521 1288; x_wconf 79' lang='lat' dir='ltr'><strong>menn</strong></span> <span class='ocrx_word' id='word_1_39' title='bbox 535 1221 603 1306; x_wconf 87' lang='lat' dir='ltr'><strong>ejus</strong></span> <span class='ocrx_word' id='word_1_40' title='bbox 618 1219 742 1305; x_wconf 79' lang='lat' dir='ltr'><strong>eripiet.</strong></span> <span class='ocrx_word' id='word_1_41' title='bbox 788 1219 920 1284; x_wconf 82' lang='lat' dir='ltr'><strong>Effiesoi</strong></span> <span class='ocrx_word' id='word_1_42' title='bbox 933 1239 987 1284; x_wconf 92' lang='lat' dir='ltr'><strong>me</strong></span> <span class='ocrx_word' id='word_1_43' title='bbox 1002 1217 1223 1284; x_wconf 72' lang='lat' dir='ltr'><strong>admonitione</strong></span> <span class='ocrx_word' id='word_1_44' title='bbox 1243 1220 1379 1286; x_wconf 87' lang='lat' dir='ltr'><strong>instruis</strong></span> 
     </span>
     <span class='ocr_line' id='line_1_7' title="bbox 420 1320 1379 1407; baseline -0.003 -16"><span class='ocrx_word' id='word_1_45' title='bbox 420 1333 454 1392; x_wconf 90' lang='lat' dir='ltr'><strong>et</strong></span> <span class='ocrx_word' id='word_1_46' title='bbox 482 1325 647 1403; x_wconf 78' lang='lat' dir='ltr'><strong>informes,</strong></span> <span class='ocrx_word' id='word_1_47' title='bbox 671 1343 715 1388; x_wconf 91' lang='lat' dir='ltr'><strong>ne</strong></span> <span class='ocrx_word' id='word_1_48' title='bbox 743 1321 834 1388; x_wconf 82' lang='lat' dir='ltr'><strong>velut</strong></span> <span class='ocrx_word' id='word_1_49' title='bbox 860 1328 959 1406; x_wconf 84' lang='lat' dir='ltr'><strong>rupte</strong></span> <span class='ocrx_word' id='word_1_50' title='bbox 986 1341 1107 1406; x_wconf 75' lang='lat' dir='ltr'><strong>sugens</strong></span> <span class='ocrx_word' id='word_1_51' title='bbox 1130 1320 1227 1406; x_wconf 81' lang='lat' dir='ltr'><strong>piscis</strong></span> <span class='ocrx_word' id='word_1_52' title='bbox 1251 1322 1379 1407; x_wconf 81' lang='lat' dir='ltr'><strong>elspsm</strong></span> 
     </span>
     <span class='ocr_line' id='line_1_8' title="bbox 419 1422 1379 1512; baseline -0.002 -22"><span class='ocrx_word' id='word_1_53' title='bbox 419 1422 994 1512; x_wconf 74' lang='lat' dir='ltr'><strong>vugeperesm,seclmegnisillis</strong></span> <span class='ocrx_word' id='word_1_54' title='bbox 1022 1422 1379 1508; x_wconf 82' lang='lat' dir='ltr'><strong>piseibmeentunret</strong></span> 
     </span>
     <span class='ocr_line' id='line_1_9' title="bbox 420 1525 1379 1614; baseline -0.005 -18"><span class='ocrx_word' id='word_1_55' title='bbox 420 1529 658 1614; x_wconf 68' lang='lat' dir='ltr'><strong>quinquaginta</strong></span> <span class='ocrx_word' id='word_1_56' title='bbox 691 1527 797 1592; x_wconf 81' lang='lat' dir='ltr'><strong>tribus</strong></span> <span class='ocrx_word' id='word_1_57' title='bbox 826 1527 903 1592; x_wconf 77' lang='lat' dir='ltr'><strong>vite</strong></span> <span class='ocrx_word' id='word_1_58' title='bbox 930 1525 1089 1610; x_wconf 70' lang='lat' dir='ltr'><strong>qualitate</strong></span> <span class='ocrx_word' id='word_1_59' title='bbox 1123 1525 1308 1607; x_wconf 83' lang='lat' dir='ltr'><strong>eonformis,</strong></span> <span class='ocrx_word' id='word_1_60' title='bbox 1335 1525 1379 1592; x_wconf 76' lang='lat' dir='ltr'><strong>ml</strong></span> 
     </span>
     <span class='ocr_line' id='line_1_10' title="bbox 419 1629 1376 1714; baseline -0.002 -16"><span class='ocrx_word' id='word_1_61' title='bbox 419 1633 597 1698; x_wconf 77' lang='lat' dir='ltr'><strong>electorum</strong></span> <span class='ocrx_word' id='word_1_62' title='bbox 637 1631 786 1708; x_wconf 82' lang='lat' dir='ltr'><strong>formem,</strong></span> <span class='ocrx_word' id='word_1_63' title='bbox 822 1629 926 1694; x_wconf 76' lang='lat' dir='ltr'><strong>vitum</strong></span> <span class='ocrx_word' id='word_1_64' title='bbox 962 1649 1134 1714; x_wconf 85' lang='lat' dir='ltr'><strong>moresque</strong></span> <span class='ocrx_word' id='word_1_65' title='bbox 1173 1649 1376 1714; x_wconf 78' lang='lat' dir='ltr'><strong>oomponsm</strong></span> 
     </span>
     <span class='ocr_line' id='line_1_11' title="bbox 421 1731 1377 1848; baseline -0.004 -47"><span class='ocrx_word' id='word_1_66' title='bbox 421 1733 519 1802; x_wconf 80' lang='lat' dir='ltr'><strong>Quod</strong></span> <span class='ocrx_word' id='word_1_67' title='bbox 538 1731 635 1797; x_wconf 72' lang='lat' dir='ltr'><strong>sitiri</strong></span> <span class='ocrx_word' id='word_1_68' title='bbox 656 1731 1297 1848; x_wconf 75' lang='lat' dir='ltr'><strong>summereennmeltinsintelligemm,</strong></span> <span class='ocrx_word' id='word_1_69' title='bbox 1311 1731 1377 1798; x_wconf 84' lang='lat' dir='ltr'><strong>for·</strong></span> 
     </span>
     <span class='ocr_line' id='line_1_12' title="bbox 421 1832 1377 1920; baseline -0.002 -18"><span class='ocrx_word' id='word_1_70' title='bbox 421 1843 508 1902; x_wconf 83' lang='lat' dir='ltr'><strong>tesee</strong></span> <span class='ocrx_word' id='word_1_71' title='bbox 522 1833 714 1920; x_wconf 86' lang='lat' dir='ltr'><strong>oonjioerem</strong></span> <span class='ocrx_word' id='word_1_72' title='bbox 732 1832 868 1898; x_wconf 84' lang='lat' dir='ltr'><strong>dono</strong></span> <span class='ocrx_word' id='word_1_73' title='bbox 836 1832 985 1918; x_wconf 78' lang='lat' dir='ltr'><strong>pierium,</strong></span> <span class='ocrx_word' id='word_1_74' title='bbox 999 1833 1081 1900; x_wconf 77' lang='lat' dir='ltr'><strong>milri</strong></span> <span class='ocrx_word' id='word_1_75' title='bbox 1100 1834 1203 1918; x_wconf 87' lang='lat' dir='ltr'><strong>pisees</strong></span> <span class='ocrx_word' id='word_1_76' title='bbox 1215 1833 1377 1918; x_wconf 72' lang='lat' dir='ltr'><strong>evengeli-</strong></span> 
     </span>
     <span class='ocr_line' id='line_1_13' title="bbox 423 1934 1378 2022; baseline -0.004 -16"><span class='ocrx_word' id='word_1_77' title='bbox 423 1960 477 2006; x_wconf 87' lang='lat' dir='ltr'><strong>oos</strong></span> <span class='ocrx_word' id='word_1_78' title='bbox 492 1937 534 2004; x_wconf 82' lang='lat' dir='ltr'><strong>sd</strong></span> <span class='ocrx_word' id='word_1_79' title='bbox 547 1943 693 2002; x_wconf 89' lang='lat' dir='ltr'><strong>mentem</strong></span> <span class='ocrx_word' id='word_1_80' title='bbox 705 1934 827 2016; x_wconf 69' lang='lat' dir='ltr'><strong>redum,</strong></span> <span class='ocrx_word' id='word_1_81' title='bbox 843 1941 1071 2022; x_wconf 78' lang='lat' dir='ltr'><strong>torporemque</strong></span> <span class='ocrx_word' id='word_1_82' title='bbox 1086 1957 1198 2002; x_wconf 89' lang='lat' dir='ltr'><strong>meum</strong></span> <span class='ocrx_word' id='word_1_83' title='bbox 1211 1935 1254 2002; x_wconf 82' lang='lat' dir='ltr'><strong>sd</strong></span> <span class='ocrx_word' id='word_1_84' title='bbox 1266 1935 1378 2002; x_wconf 80' lang='lat' dir='ltr'><strong>lectio·</strong></span> 
     </span>
     <span class='ocr_line' id='line_1_14' title="bbox 419 2037 1378 2124; baseline -0.003 -17"><span class='ocrx_word' id='word_1_85' title='bbox 419 2041 471 2107; x_wconf 87' lang='lat' dir='ltr'><strong>nis</strong></span> <span class='ocrx_word' id='word_1_86' title='bbox 492 2039 638 2106; x_wconf 86' lang='lat' dir='ltr'><strong>studium</strong></span> <span class='ocrx_word' id='word_1_87' title='bbox 660 2039 780 2104; x_wconf 75' lang='lat' dir='ltr'><strong>metius</strong></span> <span class='ocrx_word' id='word_1_88' title='bbox 803 2037 1066 2124; x_wconf 71' lang='lat' dir='ltr'><strong>amplectendum</strong></span> <span class='ocrx_word' id='word_1_89' title='bbox 1087 2039 1254 2107; x_wconf 80' lang='lat' dir='ltr'><strong>ooemione</strong></span> <span class='ocrx_word' id='word_1_90' title='bbox 1273 2039 1336 2104; x_wconf 85' lang='lat' dir='ltr'><strong>lmo</strong></span> <span class='ocrx_word' id='word_1_91' title='bbox 1355 2061 1378 2105; x_wconf 80' lang='grc' dir='ltr'><strong>ι</strong></span> 
     </span>
     <span class='ocr_line' id='line_1_15' title="bbox 418 2141 1378 2228; baseline -0.001 -19"><span class='ocrx_word' id='word_1_92' title='bbox 418 2151 478 2209; x_wconf 79' lang='lat' dir='ltr'><strong>tus</strong></span> <span class='ocrx_word' id='word_1_93' title='bbox 498 2141 673 2228; x_wconf 80' lang='lat' dir='ltr'><strong>prudentis</strong></span> <span class='ocrx_word' id='word_1_94' title='bbox 693 2161 762 2207; x_wconf 91' lang='lat' dir='ltr'><strong>non</strong></span> <span class='ocrx_word' id='word_1_95' title='bbox 783 2141 989 2207; x_wconf 84' lang='lat' dir='ltr'><strong>medioeriter</strong></span> <span class='ocrx_word' id='word_1_96' title='bbox 1009 2141 1168 2225; x_wconf 68' lang='lat' dir='ltr'><strong>instigari.</strong></span> <span class='ocrx_word' id='word_1_97' title='bbox 1211 2141 1268 2206; x_wconf 89' lang='lat' dir='ltr'><strong>Illi</strong></span> <span class='ocrx_word' id='word_1_98' title='bbox 1284 2163 1378 2208; x_wconf 74' lang='lat' dir='ltr'><strong>nam·</strong></span> 
     </span>
     <span class='ocr_line' id='line_1_16' title="bbox 421 2235 1378 2330; baseline 0.001 -21"><span class='ocrx_word' id='word_1_99' title='bbox 421 2265 484 2330; x_wconf 87' lang='lat' dir='ltr'><strong>qne</strong></span> <span class='ocrx_word' id='word_1_100' title='bbox 499 2235 715 2328; x_wconf 74' lang='lat' dir='ltr'><strong>penes‚&#39;unde</strong></span> <span class='ocrx_word' id='word_1_101' title='bbox 733 2242 848 2328; x_wconf 89' lang='lat' dir='ltr'><strong>populi</strong></span> <span class='ocrx_word' id='word_1_102' title='bbox 866 2250 1055 2310; x_wconf 80' lang='lat' dir='ltr'><strong>mtursntnr</strong></span> <span class='ocrx_word' id='word_1_103' title='bbox 1072 2250 1107 2310; x_wconf 90' lang='lat' dir='ltr'><strong>et</strong></span> <span class='ocrx_word' id='word_1_104' title='bbox 1125 2243 1304 2329; x_wconf 82' lang='lat' dir='ltr'><strong>implentur</strong></span> <span class='ocrx_word' id='word_1_105' title='bbox 1324 2263 1378 2310; x_wconf 86' lang='lat' dir='ltr'><strong>oo-</strong></span> 
     </span>
     <span class='ocr_line' id='line_1_17' title="bbox 417 2343 1376 2434; baseline 0.002 -24"><span class='ocrx_word' id='word_1_106' title='bbox 417 2347 520 2434; x_wconf 83' lang='lat' dir='ltr'><strong>phini,</strong></span> <span class='ocrx_word' id='word_1_107' title='bbox 535 2346 616 2430; x_wconf 73' lang='lat' dir='ltr'><strong>legis</strong></span> <span class='ocrx_word' id='word_1_108' title='bbox 629 2343 706 2409; x_wconf 85' lang='lat' dir='ltr'><strong>libri</strong></span> <span class='ocrx_word' id='word_1_109' title='bbox 719 2344 863 2429; x_wconf 88' lang='lat' dir='ltr'><strong>quinque</strong></span> <span class='ocrx_word' id='word_1_110' title='bbox 876 2351 965 2424; x_wconf 84' lang='lat' dir='ltr'><strong>sunt,</strong></span> <span class='ocrx_word' id='word_1_111' title='bbox 979 2351 1014 2410; x_wconf 92' lang='lat' dir='ltr'><strong>et</strong></span> <span class='ocrx_word' id='word_1_112' title='bbox 1033 2345 1100 2412; x_wconf 83' lang='lat' dir='ltr'><strong>‹lno</strong></span> <span class='ocrx_word' id='word_1_113' title='bbox 1118 2347 1222 2430; x_wconf 86' lang='lat' dir='ltr'><strong>pisees</strong></span> <span class='ocrx_word' id='word_1_114' title='bbox 1238 2347 1376 2431; x_wconf 86' lang='lat' dir='ltr'><strong>prophe·</strong></span> 
     </span>
     <span class='ocr_line' id='line_1_18' title="bbox 416 2448 1376 2537; baseline -0.004 -19"><span class='ocrx_word' id='word_1_115' title='bbox 416 2453 473 2518; x_wconf 83' lang='lat' dir='ltr'><strong>tire</strong></span> <span class='ocrx_word' id='word_1_116' title='bbox 493 2457 527 2518; x_wconf 91' lang='lat' dir='ltr'><strong>et</strong></span> <span class='ocrx_word' id='word_1_117' title='bbox 547 2448 673 2537; x_wconf 73' lang='lat' dir='ltr'><strong>psalmi.</strong></span> <span class='ocrx_word' id='word_1_118' title='bbox 716 2448 807 2514; x_wconf 78' lang='lat' dir='ltr'><strong>Nem</strong></span> <span class='ocrx_word' id='word_1_119' title='bbox 828 2449 896 2514; x_wconf 77' lang='lat' dir='ltr'><strong>vite</strong></span> <span class='ocrx_word' id='word_1_120' title='bbox 915 2448 1051 2534; x_wconf 71' lang='lat' dir='ltr'><strong>degunt,</strong></span> <span class='ocrx_word' id='word_1_121' title='bbox 1074 2448 1155 2514; x_wconf 86' lang='lat' dir='ltr'><strong>dnm</strong></span> <span class='ocrx_word' id='word_1_122' title='bbox 1176 2450 1376 2534; x_wconf 79' lang='lat' dir='ltr'><strong>protundum</strong></span> 
     </span>
     <span class='ocr_line' id='line_1_19' title="bbox 414 2550 1375 2640; baseline -0.002 -20"><span class='ocrx_word' id='word_1_123' title='bbox 414 2555 516 2640; x_wconf 79' lang='lat' dir='ltr'><strong>pieoes</strong></span> <span class='ocrx_word' id='word_1_124' title='bbox 536 2553 731 2620; x_wconf 79' lang='lat' dir='ltr'><strong>inhsbitsnt.</strong></span> <span class='ocrx_word' id='word_1_125' title='bbox 776 2550 876 2620; x_wconf 79' lang='lat' dir='ltr'><strong>Quod</strong></span> <span class='ocrx_word' id='word_1_126' title='bbox 898 2552 927 2617; x_wconf 91' lang='lat' dir='ltr'><strong>si</strong></span> <span class='ocrx_word' id='word_1_127' title='bbox 949 2552 1166 2618; x_wconf 75' lang='lat' dir='ltr'><strong>extrahuntur</strong></span> <span class='ocrx_word' id='word_1_128' title='bbox 1187 2551 1230 2618; x_wconf 83' lang='lat' dir='ltr'><strong>sd</strong></span> <span class='ocrx_word' id='word_1_129' title='bbox 1254 2553 1375 2632; x_wconf 81' lang='lat' dir='ltr'><strong>lucem,</strong></span> 
     </span>
     <span class='ocr_line' id='line_1_20' title="bbox 417 2654 1375 2740; baseline 0 -20"><span class='ocrx_word' id='word_1_130' title='bbox 417 2656 590 2722; x_wconf 85' lang='lat' dir='ltr'><strong>morientes</strong></span> <span class='ocrx_word' id='word_1_131' title='bbox 605 2657 843 2740; x_wconf 70' lang='lat' dir='ltr'><strong>extinguuntur</strong></span> <span class='ocrx_word' id='word_1_132' title='bbox 856 2677 877 2720; x_wconf 83' lang='lat' dir='ltr'><strong>s</strong></span> <span class='ocrx_word' id='word_1_133' title='bbox 889 2655 1024 2720; x_wconf 86' lang='lat' dir='ltr'><strong>lumine.</strong></span> <span class='ocrx_word' id='word_1_134' title='bbox 1069 2654 1124 2720; x_wconf 82' lang='lat' dir='ltr'><strong>Sio</strong></span> <span class='ocrx_word' id='word_1_135' title='bbox 1138 2661 1215 2720; x_wconf 80' lang='lat' dir='ltr'><strong>ente</strong></span> <span class='ocrx_word' id='word_1_136' title='bbox 1231 2654 1375 2720; x_wconf 79' lang='lat' dir='ltr'><strong>Salvato-</strong></span> 
     </span>
     <span class='ocr_line' id='line_1_21' title="bbox 416 2755 1377 2836; baseline -0.002 -12"><span class='ocrx_word' id='word_1_137' title='bbox 416 2757 461 2824; x_wconf 85' lang='lat' dir='ltr'><strong>ris</strong></span> <span class='ocrx_word' id='word_1_138' title='bbox 488 2757 663 2826; x_wconf 78' lang='lat' dir='ltr'><strong>sdventnm</strong></span> <span class='ocrx_word' id='word_1_139' title='bbox 687 2757 861 2824; x_wconf 77' lang='lat' dir='ltr'><strong>tenebrosa</strong></span> <span class='ocrx_word' id='word_1_140' title='bbox 887 2757 926 2824; x_wconf 90' lang='lat' dir='ltr'><strong>in</strong></span> <span class='ocrx_word' id='word_1_141' title='bbox 952 2757 1096 2824; x_wconf 87' lang='lat' dir='ltr'><strong>nubibus</strong></span> <span class='ocrx_word' id='word_1_142' title='bbox 1121 2758 1216 2836; x_wconf 81' lang='lat' dir='ltr'><strong>seris,</strong></span> <span class='ocrx_word' id='word_1_143' title='bbox 1238 2755 1377 2822; x_wconf 87' lang='lat' dir='ltr'><strong>obseurs</strong></span> 
     </span>
     <span class='ocr_line' id='line_1_22' title="bbox 417 2860 1375 2947; baseline -0.002 -19"><span class='ocrx_word' id='word_1_144' title='bbox 417 2868 487 2928; x_wconf 84' lang='lat' dir='ltr'><strong>erut</strong></span> <span class='ocrx_word' id='word_1_145' title='bbox 512 2861 659 2927; x_wconf 78' lang='lat' dir='ltr'><strong>dootrim</strong></span> <span class='ocrx_word' id='word_1_146' title='bbox 683 2861 721 2927; x_wconf 88' lang='lat' dir='ltr'><strong>in</strong></span> <span class='ocrx_word' id='word_1_147' title='bbox 744 2861 922 2947; x_wconf 84' lang='lat' dir='ltr'><strong>prophetie.</strong></span> <span class='ocrx_word' id='word_1_148' title='bbox 968 2860 1010 2927; x_wconf 93' lang='lat' dir='ltr'><strong>ln</strong></span> <span class='ocrx_word' id='word_1_149' title='bbox 1034 2860 1196 2946; x_wconf 64' lang='lat' dir='ltr'><strong>molendo</strong></span> <span class='ocrx_word' id='word_1_150' title='bbox 1220 2860 1292 2940; x_wconf 86' lang='lat' dir='ltr'><strong>hoe,</strong></span> <span class='ocrx_word' id='word_1_151' title='bbox 1315 2880 1375 2926; x_wconf 88' lang='lat' dir='ltr'><strong>suo</strong></span> 
     </span>
     <span class='ocr_line' id='line_1_23' title="bbox 416 2962 1465 3054; baseline -0.002 -24"><span class='ocrx_word' id='word_1_152' title='bbox 416 2963 514 3030; x_wconf 87' lang='lat' dir='ltr'><strong>modo</strong></span> <span class='ocrx_word' id='word_1_153' title='bbox 536 2963 707 3047; x_wconf 86' lang='lat' dir='ltr'><strong>prophetis</strong></span> <span class='ocrx_word' id='word_1_154' title='bbox 729 2963 867 3042; x_wconf 75' lang='lat' dir='ltr'><strong>vivebat,</strong></span> <span class='ocrx_word' id='word_1_155' title='bbox 891 2963 971 3029; x_wconf 85' lang='lat' dir='ltr'><strong>dnm</strong></span> <span class='ocrx_word' id='word_1_156' title='bbox 996 2962 1083 3046; x_wconf 86' lang='lat' dir='ltr'><strong>qnod</strong></span> <span class='ocrx_word' id='word_1_157' title='bbox 1107 2967 1283 3026; x_wconf 81' lang='lat' dir='ltr'><strong>venturum</strong></span> <span class='ocrx_word' id='word_1_158' title='bbox 1305 2967 1375 3029; x_wconf 78' lang='lat' dir='ltr'><strong>eno</strong></span> <span class='ocrx_word' id='word_1_159' title='bbox 1461 3047 1465 3054; x_wconf 24' lang='grc' dir='ltr'>Ι</span> 
     </span>
     <span class='ocr_line' id='line_1_24' title="bbox 415 3062 1373 3150; baseline -0.002 -20"><span class='ocrx_word' id='word_1_160' title='bbox 415 3064 644 3150; x_wconf 72' lang='lat' dir='ltr'><strong>praeloquendo</strong></span> <span class='ocrx_word' id='word_1_161' title='bbox 672 3064 893 3146; x_wconf 79' lang='lat' dir='ltr'><strong>promittebat.</strong></span> <span class='ocrx_word' id='word_1_162' title='bbox 954 3063 1020 3128; x_wconf 83' lang='lat' dir='ltr'><strong>Sed</strong></span> <span class='ocrx_word' id='word_1_163' title='bbox 1048 3062 1259 3145; x_wconf 88' lang='lat' dir='ltr'><strong>promissione</strong></span> <span class='ocrx_word' id='word_1_164' title='bbox 1287 3085 1373 3130; x_wconf 87' lang='lat' dir='ltr'><strong>oom-</strong></span> 
     </span>
     <span class='ocr_line' id='line_1_25' title="bbox 415 3163 1375 3252; baseline 0 -21"><span class='ocrx_word' id='word_1_165' title='bbox 415 3166 515 3252; x_wconf 80' lang='lat' dir='ltr'><strong>plets,</strong></span> <span class='ocrx_word' id='word_1_166' title='bbox 530 3173 563 3230; x_wconf 92' lang='lat' dir='ltr'><strong>et</strong></span> <span class='ocrx_word' id='word_1_167' title='bbox 583 3164 693 3230; x_wconf 88' lang='lat' dir='ltr'><strong>orbem</strong></span> <span class='ocrx_word' id='word_1_168' title='bbox 710 3164 840 3230; x_wconf 83' lang='lat' dir='ltr'><strong>Christo</strong></span> <span class='ocrx_word' id='word_1_169' title='bbox 859 3164 1037 3230; x_wconf 81' lang='lat' dir='ltr'><strong>irrsdisnte</strong></span> <span class='ocrx_word' id='word_1_170' title='bbox 1053 3163 1192 3249; x_wconf 82' lang='lat' dir='ltr'><strong>plenior,</strong></span> <span class='ocrx_word' id='word_1_171' title='bbox 1205 3166 1375 3250; x_wconf 86' lang='lat' dir='ltr'><strong>prophetis</strong></span> 
     </span>
     <span class='ocr_line' id='line_1_26' title="bbox 416 3267 1374 3351; baseline -0.002 -17"><span class='ocrx_word' id='word_1_172' title='bbox 416 3269 453 3334; x_wconf 91' lang='lat' dir='ltr'><strong>in</strong></span> <span class='ocrx_word' id='word_1_173' title='bbox 473 3268 580 3333; x_wconf 89' lang='lat' dir='ltr'><strong>luoem</strong></span> <span class='ocrx_word' id='word_1_174' title='bbox 601 3272 756 3346; x_wconf 75' lang='lat' dir='ltr'><strong>extructa,</strong></span> <span class='ocrx_word' id='word_1_175' title='bbox 779 3276 813 3332; x_wconf 89' lang='lat' dir='ltr'><strong>et</strong></span> <span class='ocrx_word' id='word_1_176' title='bbox 835 3267 1072 3351; x_wconf 72' lang='lat' dir='ltr'><strong>quodammodo</strong></span> <span class='ocrx_word' id='word_1_177' title='bbox 1093 3273 1238 3334; x_wconf 80' lang='lat' dir='ltr'><strong>extrsets</strong></span> <span class='ocrx_word' id='word_1_178' title='bbox 1256 3275 1318 3348; x_wconf 88' lang='lat' dir='ltr'><strong>est,</strong></span> <span class='ocrx_word' id='word_1_179' title='bbox 1337 3269 1374 3332; x_wconf 89' lang='lat' dir='ltr'><strong>in</strong></span> 
     </span>
     <span class='ocr_line' id='line_1_27' title="bbox 415 3369 1374 3457; baseline 0 -20"><span class='ocrx_word' id='word_1_180' title='bbox 415 3370 647 3457; x_wconf 87' lang='lat' dir='ltr'><strong>promissorum</strong></span> <span class='ocrx_word' id='word_1_181' title='bbox 675 3369 836 3454; x_wconf 84' lang='lat' dir='ltr'><strong>eompleto</strong></span> <span class='ocrx_word' id='word_1_182' title='bbox 858 3370 975 3437; x_wconf 73' lang='lat' dir='ltr'><strong>veritos</strong></span> <span class='ocrx_word' id='word_1_183' title='bbox 999 3370 1138 3457; x_wconf 76' lang='lat' dir='ltr'><strong>emplius</strong></span> <span class='ocrx_word' id='word_1_184' title='bbox 1163 3371 1374 3455; x_wconf 70' lang='lat' dir='ltr'><strong>promissione</strong></span> 
     </span>
     <span class='ocr_line' id='line_1_28' title="bbox 416 3471 1373 3560; baseline 0.002 -21"><span class='ocrx_word' id='word_1_185' title='bbox 416 3495 485 3540; x_wconf 88' lang='lat' dir='ltr'><strong>non</strong></span> <span class='ocrx_word' id='word_1_186' title='bbox 504 3478 608 3556; x_wconf 79' lang='lat' dir='ltr'><strong>egent.</strong></span> <span class='ocrx_word' id='word_1_187' title='bbox 652 3471 751 3538; x_wconf 87' lang='lat' dir='ltr'><strong>Umle</strong></span> <span class='ocrx_word' id='word_1_188' title='bbox 766 3472 938 3553; x_wconf 88' lang='lat' dir='ltr'><strong>Dominus,</strong></span> <span class='ocrx_word' id='word_1_189' title='bbox 956 3473 1020 3554; x_wconf 79' lang='lat' dir='ltr'><strong>lex,</strong></span> <span class='ocrx_word' id='word_1_190' title='bbox 1034 3481 1069 3540; x_wconf 91' lang='lat' dir='ltr'><strong>et</strong></span> <span class='ocrx_word' id='word_1_191' title='bbox 1085 3473 1253 3560; x_wconf 65' lang='lat' dir='ltr'><strong>prophetoe</strong></span> <span class='ocrx_word' id='word_1_192' title='bbox 1269 3495 1373 3558; x_wconf 85' lang='lat' dir='ltr'><strong>usque</strong></span> 
     </span>
     <span class='ocr_line' id='line_1_29' title="bbox 416 3574 1372 3656; baseline 0.001 -14"><span class='ocrx_word' id='word_1_193' title='bbox 416 3578 438 3642; x_wconf 83' lang='lat' dir='ltr'><strong>J</strong></span> <span class='ocrx_word' id='word_1_194' title='bbox 439 3575 611 3642; x_wconf 66' lang='lat' dir='ltr'><strong>ohannen.</strong></span> <span class='ocrx_word' id='word_1_195' title='bbox 639 3574 713 3646; x_wconf 70' lang='lat' dir='ltr'><strong>¹Sic</strong></span> <span class='ocrx_word' id='word_1_196' title='bbox 730 3574 814 3640; x_wconf 83' lang='lat' dir='ltr'><strong>mihi</strong></span> <span class='ocrx_word' id='word_1_197' title='bbox 831 3575 937 3642; x_wconf 88' lang='lat' dir='ltr'><strong>neetis</strong></span> <span class='ocrx_word' id='word_1_198' title='bbox 955 3577 1129 3656; x_wconf 81' lang='lat' dir='ltr'><strong>inuoluere,</strong></span> <span class='ocrx_word' id='word_1_199' title='bbox 1144 3583 1179 3642; x_wconf 91' lang='lat' dir='ltr'><strong>et</strong></span> <span class='ocrx_word' id='word_1_200' title='bbox 1198 3598 1252 3642; x_wconf 91' lang='lat' dir='ltr'><strong>me</strong></span> <span class='ocrx_word' id='word_1_201' title='bbox 1269 3577 1372 3643; x_wconf 74' lang='lat' dir='ltr'><strong>lunde-</strong></span> 
     </span>
     <span class='ocr_line' id='line_1_30' title="bbox 415 3676 1370 3764; baseline 0.003 -22"><span class='ocrx_word' id='word_1_202' title='bbox 415 3697 541 3764; x_wconf 84' lang='lat' dir='ltr'><strong>qusque</strong></span> <span class='ocrx_word' id='word_1_203' title='bbox 563 3676 771 3762; x_wconf 69' lang='lat' dir='ltr'><strong>spititualiter</strong></span> <span class='ocrx_word' id='word_1_204' title='bbox 784 3677 926 3744; x_wconf 82' lang='lat' dir='ltr'><strong>exereeri</strong></span> <span class='ocrx_word' id='word_1_205' title='bbox 940 3679 1112 3759; x_wconf 83' lang='lat' dir='ltr'><strong>desideres,</strong></span> <span class='ocrx_word' id='word_1_206' title='bbox 1127 3679 1207 3744; x_wconf 87' lang='lat' dir='ltr'><strong>dum</strong></span> <span class='ocrx_word' id='word_1_207' title='bbox 1220 3679 1299 3745; x_wconf 86' lang='lat' dir='ltr'><strong>hino</strong></span> <span class='ocrx_word' id='word_1_208' title='bbox 1312 3679 1370 3746; x_wconf 81' lang='lat' dir='ltr'><strong>ob·</strong></span> 
     </span>
     <span class='ocr_line' id='line_1_31' title="bbox 414 3779 1371 3866; baseline 0 -18"><span class='ocrx_word' id='word_1_209' title='bbox 414 3780 568 3848; x_wconf 65' lang='lat' dir='ltr'><strong>ennete</strong></span> <span class='ocrx_word' id='word_1_210' title='bbox 581 3779 769 3866; x_wconf 84' lang='lat' dir='ltr'><strong>prophetiee</strong></span> <span class='ocrx_word' id='word_1_211' title='bbox 783 3781 826 3846; x_wconf 83' lang='lat' dir='ltr'><strong>nd</strong></span> <span class='ocrx_word' id='word_1_212' title='bbox 838 3779 1012 3846; x_wconf 76' lang='lat' dir='ltr'><strong>lectionem</strong></span> <span class='ocrx_word' id='word_1_213' title='bbox 1026 3801 1080 3846; x_wconf 90' lang='lat' dir='ltr'><strong>me</strong></span> <span class='ocrx_word' id='word_1_214' title='bbox 1092 3781 1266 3865; x_wconf 72' lang='lat' dir='ltr'><strong>promulsis,</strong></span> <span class='ocrx_word' id='word_1_215' title='bbox 1279 3781 1371 3848; x_wconf 86' lang='lat' dir='ltr'><strong>illine</strong></span> 
     </span>
     <span class='ocr_line' id='line_1_32' title="bbox 413 3883 1370 3969; baseline 0.003 -21"><span class='ocrx_word' id='word_1_216' title='bbox 413 3883 484 3968; x_wconf 87' lang='lat' dir='ltr'><strong>ipse</strong></span> <span class='ocrx_word' id='word_1_217' title='bbox 495 3885 695 3969; x_wconf 71' lang='lat' dir='ltr'><strong>psalmorum</strong></span> <span class='ocrx_word' id='word_1_218' title='bbox 708 3883 867 3950; x_wconf 70' lang='lat' dir='ltr'><strong>maritate</strong></span> <span class='ocrx_word' id='word_1_219' title='bbox 880 3889 1040 3968; x_wconf 79' lang='lat' dir='ltr'><strong>tannsm</strong></span> <span class='ocrx_word' id='word_1_220' title='bbox 1053 3883 1188 3949; x_wconf 83' lang='lat' dir='ltr'><strong>ulterius</strong></span> <span class='ocrx_word' id='word_1_221' title='bbox 1201 3883 1298 3969; x_wconf 78' lang='lat' dir='ltr'><strong>piscis</strong></span> <span class='ocrx_word' id='word_1_222' title='bbox 1312 3883 1370 3952; x_wconf 92' lang='lat' dir='ltr'><strong>ob·</strong></span> 
     </span>
     <span class='ocr_line' id='line_1_33' title="bbox 413 3985 1368 4072; baseline 0 -20"><span class='ocrx_word' id='word_1_223' title='bbox 413 3985 618 4067; x_wconf 83' lang='lat' dir='ltr'><strong>leotsmento,</strong></span> <span class='ocrx_word' id='word_1_224' title='bbox 639 3985 682 4052; x_wconf 87' lang='lat' dir='ltr'><strong>sd</strong></span> <span class='ocrx_word' id='word_1_225' title='bbox 704 3985 886 4053; x_wconf 72' lang='lat' dir='ltr'><strong>ontionem</strong></span> <span class='ocrx_word' id='word_1_226' title='bbox 905 4008 958 4052; x_wconf 91' lang='lat' dir='ltr'><strong>me</strong></span> <span class='ocrx_word' id='word_1_227' title='bbox 979 3985 1174 4071; x_wconf 70' lang='lat' dir='ltr'><strong>laudemque</strong></span> <span class='ocrx_word' id='word_1_228' title='bbox 1194 3987 1368 4072; x_wconf 76' lang='lat' dir='ltr'><strong>oompsllis</strong></span> 
     </span>
     <span class='ocr_line' id='line_1_34' title="bbox 414 4089 1370 4176; baseline 0.002 -20"><span class='ocrx_word' id='word_1_229' title='bbox 414 4089 1370 4176; x_wconf 78' lang='lat' dir='ltr'><strong>Jnmreststquodintelligrmeurpisoesquosmisisti</strong></span> 
     </span>
     <span class='ocr_line' id='line_1_35' title="bbox 414 4193 1370 4279; baseline 0 -20"><span class='ocrx_word' id='word_1_230' title='bbox 414 4193 543 4279; x_wconf 75' lang='lat' dir='ltr'><strong>generis</strong></span> <span class='ocrx_word' id='word_1_231' title='bbox 555 4193 702 4279; x_wconf 83' lang='lat' dir='ltr'><strong>ejusdem</strong></span> <span class='ocrx_word' id='word_1_232' title='bbox 715 4215 784 4261; x_wconf 89' lang='lat' dir='ltr'><strong>esse</strong></span> <span class='ocrx_word' id='word_1_233' title='bbox 800 4195 978 4262; x_wconf 75' lang='lat' dir='ltr'><strong>decrevisti.</strong></span> <span class='ocrx_word' id='word_1_234' title='bbox 1023 4195 1195 4260; x_wconf 82' lang='lat' dir='ltr'><strong>Unitstem</strong></span> <span class='ocrx_word' id='word_1_235' title='bbox 1213 4195 1296 4260; x_wconf 82' lang='lat' dir='ltr'><strong>mihi</strong></span> <span class='ocrx_word' id='word_1_236' title='bbox 1313 4216 1370 4278; x_wconf 83' lang='lat' dir='ltr'><strong>pu·</strong></span> 
     </span>
     <span class='ocr_line' id='line_1_36' title="bbox 414 4296 1368 4384; baseline 0 -20"><span class='ocrx_word' id='word_1_237' title='bbox 414 4317 548 4384; x_wconf 80' lang='lat' dir='ltr'><strong>nemque</strong></span> <span class='ocrx_word' id='word_1_238' title='bbox 561 4296 778 4365; x_wconf 79' lang='lat' dir='ltr'><strong>oommendss</strong></span> <span class='ocrx_word' id='word_1_239' title='bbox 815 4298 969 4366; x_wconf 79' lang='lat' dir='ltr'><strong>Binerim</strong></span> <span class='ocrx_word' id='word_1_240' title='bbox 982 4297 1121 4365; x_wconf 91' lang='lat' dir='ltr'><strong>enimin</strong></span> <span class='ocrx_word' id='word_1_241' title='bbox 1134 4296 1222 4364; x_wconf 88' lang='lat' dir='ltr'><strong>bono</strong></span> <span class='ocrx_word' id='word_1_242' title='bbox 1235 4303 1296 4377; x_wconf 84' lang='lat' dir='ltr'><strong>eet,</strong></span> <span class='ocrx_word' id='word_1_243' title='bbox 1309 4297 1368 4364; x_wconf 86' lang='lat' dir='ltr'><strong>red</strong></span> 
     </span>
    </p>
   </div>
   <div class='ocr_carea' id='block_1_3' title="bbox 0 0 1618 5192">
    <p class='ocr_par' dir='ltr' id='par_1_3' title="bbox 0 0 1618 5192">
     <span class='ocr_line' id='line_1_37' title="bbox 0 0 1618 5192; baseline 0 3"><span class='ocrx_word' id='word_1_244' title='bbox 0 0 1618 5192; x_wconf 95' lang='lat' dir='ltr'><strong> </strong></span> 
     </span>
    </p>
   </div>
  </div>
 </body>
</html>
