3225 5192
233 708 300 753 Am.
317 686 515 770 1148-61.]
566 703 1055 751 ιιιιιιιιοιιιιιιιιιιιιιιιιοιιι.
1119 686 1182 751 127

232 823 355 901 misisti,
371 823 457 906 quod
471 822 597 886 utinam
612 820 658 885 sic
672 842 837 901 servasses,
852 828 891 886 ut
904 844 966 887 nec
981 822 1182 905 qucrimonia

234 923 273 987 de
293 930 328 986 te
345 922 541 1005 perferretur
558 920 599 983 ad
619 942 688 996 uos,
704 942 765 985 uec
780 921 905 985 anobis
925 922 986 985 tibi
1001 923 1181 1006 quiequam,

233 1026 293 1089 nisi
307 1025 476 1109 pacificum
496 1030 529 1087 et
550 1023 716 1087 amicabile
735 1023 832 1087 scribi
846 1026 1049 1107 oportuisset.
1094 1026 1183 1089 Mul-

233 1136 303 1191 tum
333 1127 464 1210 quidem
489 1126 529 1189 de
555 1126 666 1189 multis
694 1126 838 1205 mirarer,
864 1126 921 1189 sed
946 1126 988 1191 de
1016 1133 1051 1192 te
1079 1128 1183 1192 multo

236 1230 369 1313 amplisu
395 1230 504 1307 miror,
535 1228 620 1311 quod
643 1228 842 1291 sacerdotem
862 1236 1011 1293 nostrum
1036 1235 1070 1294 et
1092 1231 1183 1295 deca-

235 1358 312 1399 num
338 1336 380 1399 ad
404 1336 564 1421 judicium
589 1334 685 1399 curiae
710 1341 776 1399 tuae
805 1336 925 1414 trahas,
952 1345 985 1399 et
1011 1336 1096 1400 hanc
1123 1337 1185 1401 tibi

235 1444 425 1523 potestatem
450 1445 564 1502 contra
589 1437 756 1502 ecclesiam
778 1439 939 1518 vendices,
963 1461 1059 1522 quam
1081 1440 1185 1503 multo

237 1542 349 1605 sudore
368 1548 401 1605 et
419 1541 529 1605 labore
549 1562 642 1624 reges
665 1548 698 1605 et
717 1540 927 1623 imperatores
942 1542 1092 1606 adversus
1115 1563 1185 1606 eam

142 1722 147 1735 ,
235 1664 334 1727 usque
347 1644 443 1708 hodie
458 1644 604 1709 obtinere
617 1642 844 1727 nequiverunt.
881 1643 979 1707 Unde
992 1644 1080 1709 vobis
1095 1628 1186 1709 man·

237 1744 358 1824 damus,
373 1745 544 1823 carissime,
565 1752 604 1809 ut
628 1746 714 1809 sinas
734 1745 874 1829 judicari
897 1768 917 1809 a
937 1745 1031 1810 nobis
1056 1746 1186 1811 clericos
1258 1728 1263 1739 ’

236 1854 370 1927 nostros,
385 1856 419 1913 et
437 1848 526 1912 hunc
543 1847 703 1931 praecipue
722 1856 754 1911 et
777 1848 855 1911 alios
876 1868 1081 1931 nequaquam
1099 1848 1186 1932 judi·

237 1970 307 2015 care
330 1971 513 2034 praesumas,
540 1949 595 2013 sed
618 1950 713 2033 juxta
741 1950 887 2013 ordinem
913 1950 974 2013 sibi
999 1972 1186 2015 concessum

237 2053 318 2137 ipsos
348 2054 489 2117 Domino
517 2052 553 2116 in
581 2073 660 2136 pecc
690 2053 808 2115 servire
836 2053 1014 2135 permittas.
1061 2052 1097 2117 Si
1126 2074 1187 2119 nos

238 2156 343 2219 minus
369 2155 516 2232 audieris,
542 2176 768 2239 quamcunque
790 2156 968 2237 poterimus
991 2156 1186 2220 sententiam
1216 2203 1220 2207 x

239 2258 274 2321 in
293 2265 327 2321 ta
349 2264 383 2321 et
408 2264 475 2336 tua,
499 2257 597 2321 etiam
620 2257 768 2321 nolentes
792 2258 869 2321 dare
887 2279 955 2322 non
975 2258 1185 2322 tardabimus.

240 2358 334 2426 Quod
356 2360 383 2422 si
406 2358 482 2442 quid
505 2359 655 2423 adversus
678 2360 846 2422 dominum
869 2359 1051 2424 Walterum
1076 2360 1186 2439 habes,

239 2461 413 2544 plenariam
435 2461 475 2526 de
496 2462 566 2545 ipso
579 2461 740 2545 justitiam
754 2462 927 2527 offenmus.
972 2462 1089 2527 Valere
1106 2469 1140 2526 te
1154 2470 1188 2527 et

240 2563 467 2629 benefaciendo
481 2564 622 2627 Domino
637 2563 760 2647 placere
776 2570 934 2646 optamus.

465 2804 684 2869 EPISTOLA
706 2804 855 2869 (ιι-ιιι
873 2852 881 2868 .
900 2851 907 2866 .
925 2851 958 2866 ..

295 2974 376 3039 Non
408 2976 552 3059 queritur
575 2976 738 3040 Walterus
768 2976 903 3041 clericus
931 2981 1044 3039 noster
1072 2971 1191 3059 duplex

240 3076 394 3141 damnum
409 3096 443 3141 se
456 3077 638 3170 iucurrisse.
664 3077 753 3145 Nam
767 3077 899 3142 nomine
912 3046 1064 3163 Epigode
1074 3075 1190 3155 cluna,

243 3178 387 3249 Gilberto
408 3158 677 3261 Angl’pecuniam
703 3201 799 3271 quam
826 3179 947 3243 abu
889 3178 1062 3285 Epigpne
1052 3178 1113 3265 ipsi
1135 3168 1189 3243 de·

240 3279 308 3343 beri
332 3280 478 3367 putabat,
504 3281 653 3369 reddidit,
680 3290 713 3345 et
734 3304 834 3365 quum
860 3280 961 3373 Hugo
983 3302 1017 3345 se
1038 3264 1191 3365 praedicto

243 3382 389 3447 Gilbarto
412 3382 494 3446 nihil
518 3381 665 3447 debuisse
689 3390 820 3466 asserat,
843 3384 923 3459 item
948 3404 1023 3447 cum
1048 3382 1191 3465 Hugone

244 3484 318 3549 data
346 3485 483 3568 pecunia
510 3486 680 3568 transegit.
740 3486 843 3551 Vobis
872 3486 981 3569 itaque
1007 3485 1191 3551 mandando

241 3607 361 3669 precor,
377 3594 416 3650 ιιι
433 3585 537 3649 tribus
555 3586 606 3649 his
626 3594 749 3651 statuto
714 3588 822 3652 tdie
841 3588 989 3667 evocatis,
1004 3587 1187 3655 Walterum

240 3688 408 3772 pecuniam
427 3687 596 3777 redditam,
617 3710 688 3773 quae
710 3696 831 3781 tamen,
848 3695 887 3753 ut
907 3690 1028 3766 asserit,
1046 3674 1192 3755 Gilberto

241 3788 427 3868 debebatur,
445 3795 655 3873 repetentem,
676 3790 717 3853 ad
739 3768 873 3874 plenum
897 3787 1044 3869 audiatis,
1064 3797 1098 3854 et
1119 3790 1190 3853 Hu-

241 3912 357 3973 gonem
371 3889 411 3954 dc
426 3889 533 3955 Cluua
547 3890 586 3953 dc
600 3911 636 3954 re
649 3892 712 3955 ista
725 3892 893 3956 veritatem
907 3882 1031 3969 ιιιιιιι,
1047 3912 1086 3955 ex
1101 3898 1193 3975 parta

241 4000 352 4057 ιιοιιιι
369 3992 608 4057 commoneatis.
659 3992 709 4057 Si
705 4014 787 4077 qua
800 3992 991 4078 praedictum
1008 3992 1168 4057 militem
1159 4014 1195 4056 ιιι

242 4092 386 4158 debitum
399 4093 558 4177 recepisse
570 4093 742 4159 aWaltero
756 4096 967 4162 constiterit
936 4097 1020 4180 1,psi
1034 4100 1198 4179 quantum

244 4197 364 4279 awepit
378 4196 549 4262 restituere
563 4196 783 4279 compellatur.
829 4196 968 4262 Quod·
943 4218 972 4261 ιι
990 4197 1083 4259 miles
1096 4214 1193 4276 pecu-
1295 4218 1309 4228 ·’

242 4298 330 4363 niam
351 4298 436 4363 hanc
457 4298 632 4383 Hugonem
656 4300 717 4365 sibi
738 4300 886 4365 debuisse
908 4297 1099 4384 probaverit,
1118 4316 1194 4360 cau-
