3225 5192
418 711 462 776 22
658 725 820 773 ornarem
836 725 1112 773 remorsararrs

548 1041 772 1110 uPISuouA
792 1041 947 1108 XL-an
962 1059 1098 1106 sucrum
1113 1058 1242 1106 rarius.

419 1197 515 1262 Patre·
528 1215 584 1262 suo
598 1201 629 1262 et
644 1195 774 1276 demere,
785 1215 903 1260 sommo
913 1193 975 1258 Del
985 1195 1095 1278 pratis
1105 1193 1253 1277 Pontifici
1266 1193 1374 1276 lasciv,

460 1297 571 1383 frater
588 1299 627 1365 G.
643 1299 726 1364 beuti
740 1299 831 1363 Petri
848 1296 1026 1363 Glocerbioe
1040 1295 1142 1361 uetes
1162 1296 1267 1378 obdas,
1283 1298 1378 1379 pacis

463 1409 495 1468 et
508 1404 620 1468 salem
633 1403 832 1468 inmmerito.

463 1556 623 1626 Quassus
644 1555 847 1624 miseriarum
868 1555 912 1620 sit
932 1574 1089 1620 concussa
1108 1552 1294 1619 turbinibus
1317 1553 1375 1618 Sa·

330 1700 333 1706 ·
420 1659 623 1726 lesberiensis
660 1659 802 1739 ecclesia,
839 1658 1048 1724 serenitatem
1076 1663 1228 1736 vestram,
1256 1656 1374 1722 dilecte

420 1768 524 1848 pater,
546 1761 662 1828 estimo
689 1783 758 1827 non
786 1762 898 1826 latere.
942 1761 1046 1846 Cujus
1073 1759 1298 1826 sollicitudinis
1325 1760 1376 1824 in·

419 1870 521 1933 terest
543 1865 750 1930 ecclesierum
772 1863 919 1930 omnium
946 1885 1016 1930 non
1044 1864 1149 1930 solum
1170 1862 1374 1929 detrimentis

419 1967 571 2052 compati,
587 1967 644 2032 sed
662 1967 763 2032 etiarn
781 1965 958 2034 commodis
976 1965 1153 2052 providere.
1199 1966 1291 2046 Haec,
1304 1967 1375 2051 jam

420 2069 479 2136 diu
492 2070 621 2154 proprio
634 2069 766 2136 viduata
778 2077 913 2151 rectore,
929 2070 1009 2135 dum
1022 2070 1195 2136 fluctuaret
1216 2069 1253 2133 in
1272 2069 1377 2134 incer-

420 2179 504 2252 tum,
533 2179 605 2238 tum
632 2192 854 2257 perversorum
883 2172 1055 2238 bominum
1083 2171 1276 2253 incursione,
1304 2178 1378 2236 tum

422 2295 557 2341 suorum
577 2274 662 2342 eirca
679 2276 781 2360 patris
800 2275 993 2340 electionem
1009 2296 1078 2341 non
1096 2275 1244 2341 unanimi
1266 2275 1378 2340 volun·

420 2384 500 2458 teta,
516 2377 557 2442 ad
572 2376 804 2443 desolationem
822 2377 973 2442 ultimam
990 2378 1197 2462 pervenisset,
1213 2379 1241 2442 ai
1260 2399 1328 2444 non
1347 2377 1379 2442 ei

424 2481 586 2547 Dominus
608 2481 744 2564 dignum
767 2480 830 2546 sibi
852 2479 1013 2545 famulum
1036 2478 1186 2560 electum,
1208 2487 1248 2544 nt
1273 2501 1379 2564 apera-

421 2605 507 2664 mus,
522 2583 703 2650 antistitem
716 2584 791 2650 vitm
805 2581 1070 2649 commendabilia
1091 2587 1126 2648 et
1148 2582 1269 2666 gratiae,
1285 2583 1307 2647 J
1308 2604 1380 2649 oce·

422 2686 527 2752 linum
538 2686 738 2769 condignum
752 2685 935 2750 sanctitatis
945 2691 1061 2752 vestrae
1073 2684 1187 2765 filium,
1201 2684 1239 2750 in
1251 2691 1379 2769 petrem

421 2796 649 2874 pastoremque
674 2795 897 2874 praerogasset.
942 2786 1055 2869 Hunc,
1078 2795 1238 2873 quantum
1262 2788 1381 2854 bumil-

422 2891 494 2957 limi
508 2911 577 2958 non
591 2891 697 2956 dicam
716 2891 775 2956 filii
794 2891 853 2957 md
871 2890 954 2956 servi
973 2891 1140 2976 praesumit
1154 2890 1291 2972 devotio,
1306 2891 1381 2957 sub·

421 2992 554 3058 limitati
572 2999 688 3058 vestrae
707 2993 927 3058 commendari
948 2999 1175 3077 praeoptamus,
1190 3014 1287 3076 quem
1308 2993 1378 3078 dig-

422 3115 504 3159 num
532 3093 814 3160 commendatione
837 3094 1058 3177 eognovimus,
1079 3101 1194 3179 utpote
1219 3096 1275 3179 qui
1303 3103 1382 3162 ante

422 3195 624 3262 vocationem
649 3213 743 3259 snam
768 3193 885 3259 studiis
909 3194 1089 3260 honestatis
1111 3195 1310 3263 iuoeasenter
1330 3198 1382 3262 in·

422 3297 547 3378 cubuit,
562 3303 596 3362 et
613 3297 694 3382 jam,
709 3296 772 3364 sibi
790 3318 860 3363 non
879 3318 1011 3364 sumena
1029 3298 1198 3381 honorem,
1213 3301 1270 3366 aed
1288 3322 1381 3366 voce·

422 3406 478 3467 tus
498 3407 537 3466 ut
559 3421 724 3486 speremus
745 3421 766 3466 a
786 3400 939 3481 Domino,
959 3402 1172 3488 episcopalem
1192 3403 1380 3469 cathedram

424 3504 542 3570 merito
564 3504 640 3570 vitae
664 3503 835 3570 laudabilia
859 3503 1018 3571 honorare
1042 3526 1111 3571 non
1133 3505 1270 3571 desistit.
1314 3504 1381 3572 Hic

420 3606 584 3674 irruentes
597 3608 634 3672 in
647 3608 816 3674 eeclesiam
830 3629 923 3673 auam
936 3607 1078 3693 impetus
1094 3609 1229 3675 viriliter
1242 3609 1382 3675 sustinet

423 3716 482 3775 aut
495 3710 632 3795 repellit,
648 3716 683 3775 et
696 3710 733 3776 in
747 3709 865 3796 quibus
884 3710 948 3777 sibi
965 3711 1049 3777 forte
1066 3733 1135 3778 non
1149 3713 1276 3792 sufficit,
1292 3713 1382 3778 abe·

423 3814 608 3880 nevolentie
621 3821 729 3880 vestra
741 3837 878 3880 menum
896 3815 959 3880 sibi
980 3817 1091 3880 auxilii
1106 3817 1295 3900 consiliique
1308 3839 1382 3901 por·

423 3917 488 4002 rigi
501 3917 669 3982 humilitas
683 3924 795 3984 nostra
808 3919 1033 4004 presumendo
1048 3920 1207 3986 desiderat
1222 3930 1256 3985 et
1270 3943 1390 4026 epr

424 4017 481 4084 cit.
524 4019 606 4105 Ejus
625 4018 728 4102 igitur
748 4020 941 4086 canonicum
955 4022 1148 4105 magistrum
1163 4024 1204 4088 R.
1220 4022 1261 4088 de
1275 4024 1385 4106 Meisi,

423 4119 528 4186 mam
557 4119 626 4185 vite
653 4120 860 4206 moribusque
890 4124 1180 4190 commendabilem
1216 4127 1381 4191 sanctitati

423 4230 540 4290 vestire
553 4224 828 4291 commendemus.
871 4226 917 4289 Ilt
931 4226 1084 4309 quoniam
1103 4228 1211 4313 ipsum
1232 4230 1384 4294 adversus

425 4326 595 4394 dominum
608 4327 755 4394 Aronem
771 4328 1042 4396 Saleaberiensem
1056 4331 1228 4408 Decanum
1241 4355 1384 4418 presens
