<?xml version="1.0" encoding="UTF-8"?>
<!DOCTYPE html PUBLIC "-//W3C//DTD XHTML 1.0 Transitional//EN"
    "http://www.w3.org/TR/xhtml1/DTD/xhtml1-transitional.dtd">
<html xmlns="http://www.w3.org/1999/xhtml" xml:lang="en" lang="en">
 <head>
  <title>
</title>
<meta http-equiv="Content-Type" content="text/html;charset=utf-8" />
  <meta name='ocr-system' content='tesseract 3.04.00' />
  <meta name='ocr-capabilities' content='ocr_page ocr_carea ocr_par ocr_line ocrx_word'/>
</head>
<body>
  <div class='ocr_page' id='page_1' title='image "./gilbertiexabbat00gilegoog_0164.png"; bbox 0 0 3225 5192; ppageno 0'>
   <div class='ocr_carea' id='block_1_1' title="bbox 303 700 1255 787">
    <p class='ocr_par' dir='ltr' id='par_1_1' title="bbox 303 700 1255 787">
     <span class='ocr_line' id='line_1_1' title="bbox 303 700 1255 787; baseline -0.001 -20"><span class='ocrx_word' id='word_1_1' title='bbox 303 700 584 787; x_wconf 62' lang='lat' dir='ltr'><strong>unlus-61]</strong></span> <span class='ocrx_word' id='word_1_2' title='bbox 636 721 931 766; x_wconf 77' lang='lat' dir='ltr'><strong>naassoanisrssrs</strong></span> <span class='ocrx_word' id='word_1_3' title='bbox 946 722 1124 766; x_wconf 68' lang='lat' dir='ltr'><strong>russone.</strong></span> <span class='ocrx_word' id='word_1_4' title='bbox 1193 704 1255 767; x_wconf 81' lang='lat' dir='ltr'><strong>lae</strong></span> 
     </span>
    </p>
   </div>
   <div class='ocr_carea' id='block_1_2' title="bbox 301 842 1272 2271">
    <p class='ocr_par' dir='ltr' id='par_1_2' title="bbox 301 842 1272 2271">
     <span class='ocr_line' id='line_1_2' title="bbox 301 842 1255 943; baseline 0.001 -34"><span class='ocrx_word' id='word_1_5' title='bbox 301 844 384 909; x_wconf 88' lang='lat' dir='ltr'><strong>batis</strong></span> <span class='ocrx_word' id='word_1_6' title='bbox 396 843 504 924; x_wconf 88' lang='lat' dir='ltr'><strong>Bord’,</strong></span> <span class='ocrx_word' id='word_1_7' title='bbox 516 843 735 929; x_wconf 87' lang='lat' dir='ltr'><strong>promiseram.</strong></span> <span class='ocrx_word' id='word_1_8' title='bbox 761 843 810 909; x_wconf 90' lang='lat' dir='ltr'><strong>Ut</strong></span> <span class='ocrx_word' id='word_1_9' title='bbox 820 842 975 943; x_wconf 78' lang='lat' dir='ltr'><strong>promissa</strong></span> <span class='ocrx_word' id='word_1_10' title='bbox 986 844 1145 928; x_wconf 79' lang='lat' dir='ltr'><strong>complere</strong></span> <span class='ocrx_word' id='word_1_11' title='bbox 1157 864 1255 928; x_wconf 86' lang='lat' dir='ltr'><strong>qaam</strong></span> 
     </span>
     <span class='ocr_line' id='line_1_3' title="bbox 301 948 1254 1033; baseline 0 -20"><span class='ocrx_word' id='word_1_12' title='bbox 301 950 396 1013; x_wconf 85' lang='lat' dir='ltr'><strong>eitius</strong></span> <span class='ocrx_word' id='word_1_13' title='bbox 421 948 523 1033; x_wconf 90' lang='lat' dir='ltr'><strong>potui,</strong></span> <span class='ocrx_word' id='word_1_14' title='bbox 546 955 692 1033; x_wconf 87' lang='lat' dir='ltr'><strong>promtus</strong></span> <span class='ocrx_word' id='word_1_15' title='bbox 718 948 851 1026; x_wconf 83' lang='lat' dir='ltr'><strong>securri,</strong></span> <span class='ocrx_word' id='word_1_16' title='bbox 874 954 907 1012; x_wconf 90' lang='lat' dir='ltr'><strong>et</strong></span> <span class='ocrx_word' id='word_1_17' title='bbox 933 948 1008 1031; x_wconf 88' lang='lat' dir='ltr'><strong>quia</strong></span> <span class='ocrx_word' id='word_1_18' title='bbox 1028 949 1254 1031; x_wconf 75' lang='lat' dir='ltr'><strong>processeratis</strong></span> 
     </span>
     <span class='ocr_line' id='line_1_4' title="bbox 302 1036 1254 1135; baseline 0.001 -20"><span class='ocrx_word' id='word_1_19' title='bbox 302 1036 445 1130; x_wconf 81' lang='lat' dir='ltr'><strong>ulterius,</strong></span> <span class='ocrx_word' id='word_1_20' title='bbox 470 1050 670 1114; x_wconf 77' lang='lat' dir='ltr'><strong>Herefordioe</strong></span> <span class='ocrx_word' id='word_1_21' title='bbox 690 1050 832 1115; x_wconf 91' lang='lat' dir='ltr'><strong>reditum</strong></span> <span class='ocrx_word' id='word_1_22' title='bbox 854 1057 996 1115; x_wconf 85' lang='lat' dir='ltr'><strong>vestrum</strong></span> <span class='ocrx_word' id='word_1_23' title='bbox 1018 1050 1118 1116; x_wconf 90' lang='lat' dir='ltr'><strong>biduo</strong></span> <span class='ocrx_word' id='word_1_24' title='bbox 1141 1073 1254 1135; x_wconf 78' lang='lat' dir='ltr'><strong>expes·</strong></span> 
     </span>
     <span class='ocr_line' id='line_1_5' title="bbox 302 1149 1254 1217; baseline 0.001 -1"><span class='ocrx_word' id='word_1_25' title='bbox 302 1150 377 1216; x_wconf 79' lang='lat' dir='ltr'><strong>tavi.</strong></span> <span class='ocrx_word' id='word_1_26' title='bbox 421 1149 626 1215; x_wconf 83' lang='lat' dir='ltr'><strong>Auctoritate</strong></span> <span class='ocrx_word' id='word_1_27' title='bbox 649 1170 725 1214; x_wconf 79' lang='lat' dir='ltr'><strong>vero</strong></span> <span class='ocrx_word' id='word_1_28' title='bbox 750 1149 941 1215; x_wconf 74' lang='lat' dir='ltr'><strong>obedientia</strong></span> <span class='ocrx_word' id='word_1_29' title='bbox 969 1172 1022 1215; x_wconf 92' lang='lat' dir='ltr'><strong>me</strong></span> <span class='ocrx_word' id='word_1_30' title='bbox 1049 1172 1119 1215; x_wconf 91' lang='lat' dir='ltr'><strong>non</strong></span> <span class='ocrx_word' id='word_1_31' title='bbox 1148 1153 1254 1217; x_wconf 89' lang='lat' dir='ltr'><strong>solum</strong></span> 
     </span>
     <span class='ocr_line' id='line_1_6' title="bbox 304 1252 1254 1337; baseline 0.003 -20"><span class='ocrx_word' id='word_1_32' title='bbox 304 1260 437 1319; x_wconf 84' lang='lat' dir='ltr'><strong>vocante</strong></span> <span class='ocrx_word' id='word_1_33' title='bbox 466 1261 499 1318; x_wconf 90' lang='lat' dir='ltr'><strong>et</strong></span> <span class='ocrx_word' id='word_1_34' title='bbox 527 1260 690 1332; x_wconf 88' lang='lat' dir='ltr'><strong>monente,</strong></span> <span class='ocrx_word' id='word_1_35' title='bbox 721 1252 778 1317; x_wconf 86' lang='lat' dir='ltr'><strong>sed</strong></span> <span class='ocrx_word' id='word_1_36' title='bbox 805 1261 945 1337; x_wconf 83' lang='lat' dir='ltr'><strong>urgente</strong></span> <span class='ocrx_word' id='word_1_37' title='bbox 972 1261 1006 1319; x_wconf 91' lang='lat' dir='ltr'><strong>et</strong></span> <span class='ocrx_word' id='word_1_38' title='bbox 1034 1255 1184 1319; x_wconf 77' lang='lat' dir='ltr'>trahente</span> <span class='ocrx_word' id='word_1_39' title='bbox 1212 1256 1254 1320; x_wconf 90' lang='lat' dir='ltr'><strong>ad</strong></span> 
     </span>
     <span class='ocr_line' id='line_1_7' title="bbox 305 1356 1255 1443; baseline 0.001 -21"><span class='ocrx_word' id='word_1_40' title='bbox 305 1356 402 1436; x_wconf 90' lang='lat' dir='ltr'><strong>aliud,</strong></span> <span class='ocrx_word' id='word_1_41' title='bbox 418 1356 539 1421; x_wconf 74' lang='lat' dir='ltr'><strong>diutim</strong></span> <span class='ocrx_word' id='word_1_42' title='bbox 558 1364 725 1440; x_wconf 76' lang='lat' dir='ltr'><strong>expectare</strong></span> <span class='ocrx_word' id='word_1_43' title='bbox 738 1377 806 1420; x_wconf 90' lang='lat' dir='ltr'><strong>non</strong></span> <span class='ocrx_word' id='word_1_44' title='bbox 820 1358 923 1439; x_wconf 85' lang='lat' dir='ltr'><strong>potui.</strong></span> <span class='ocrx_word' id='word_1_45' title='bbox 959 1358 1078 1422; x_wconf 80' lang='lat' dir='ltr'>Precor</span> <span class='ocrx_word' id='word_1_46' title='bbox 1091 1357 1211 1443; x_wconf 82' lang='lat' dir='ltr'><strong>itaque,</strong></span> <span class='ocrx_word' id='word_1_47' title='bbox 1226 1360 1255 1423; x_wconf 91' lang='lat' dir='ltr'><strong>si</strong></span> 
     </span>
     <span class='ocr_line' id='line_1_8' title="bbox 305 1459 1255 1545; baseline 0.003 -21"><span class='ocrx_word' id='word_1_48' title='bbox 305 1461 418 1545; x_wconf 85' lang='lat' dir='ltr'><strong>placet,</strong></span> <span class='ocrx_word' id='word_1_49' title='bbox 436 1466 475 1524; x_wconf 92' lang='lat' dir='ltr'><strong>ut</strong></span> <span class='ocrx_word' id='word_1_50' title='bbox 497 1481 549 1525; x_wconf 90' lang='lat' dir='ltr'><strong>me</strong></span> <span class='ocrx_word' id='word_1_51' title='bbox 573 1460 634 1523; x_wconf 86' lang='lat' dir='ltr'><strong>hae</strong></span> <span class='ocrx_word' id='word_1_52' title='bbox 652 1459 721 1523; x_wconf 87' lang='lat' dir='ltr'><strong>viee</strong></span> <span class='ocrx_word' id='word_1_53' title='bbox 745 1468 935 1524; x_wconf 84' lang='lat' dir='ltr'><strong>excusatum</strong></span> <span class='ocrx_word' id='word_1_54' title='bbox 959 1460 1114 1541; x_wconf 86' lang='lat' dir='ltr'><strong>habeatis,</strong></span> <span class='ocrx_word' id='word_1_55' title='bbox 1141 1470 1174 1527; x_wconf 89' lang='lat' dir='ltr'><strong>et</strong></span> <span class='ocrx_word' id='word_1_56' title='bbox 1199 1462 1255 1527; x_wconf 78' lang='lat' dir='ltr'><strong>ab·</strong></span> 
     </span>
     <span class='ocr_line' id='line_1_9' title="bbox 306 1563 1256 1648; baseline 0.004 -21"><span class='ocrx_word' id='word_1_57' title='bbox 306 1565 443 1628; x_wconf 88' lang='lat' dir='ltr'><strong>sentiam</strong></span> <span class='ocrx_word' id='word_1_58' title='bbox 463 1585 569 1629; x_wconf 89' lang='lat' dir='ltr'><strong>meam</strong></span> <span class='ocrx_word' id='word_1_59' title='bbox 592 1563 816 1648; x_wconf 67' lang='lat' dir='ltr'><strong>equanimiter</strong></span> <span class='ocrx_word' id='word_1_60' title='bbox 830 1564 1020 1629; x_wconf 90' lang='lat' dir='ltr'><strong>sustinendo</strong></span> <span class='ocrx_word' id='word_1_61' title='bbox 1033 1564 1095 1628; x_wconf 85' lang='lat' dir='ltr'><strong>hac</strong></span> <span class='ocrx_word' id='word_1_62' title='bbox 1109 1565 1186 1645; x_wconf 88' lang='lat' dir='ltr'><strong>viee,</strong></span> <span class='ocrx_word' id='word_1_63' title='bbox 1203 1588 1256 1631; x_wconf 90' lang='lat' dir='ltr'><strong>me</strong></span> 
     </span>
     <span class='ocr_line' id='line_1_10' title="bbox 304 1666 1257 1751; baseline 0.005 -21"><span class='ocrx_word' id='word_1_64' title='bbox 304 1667 391 1733; x_wconf 86' lang='lat' dir='ltr'><strong>vobis</strong></span> <span class='ocrx_word' id='word_1_65' title='bbox 411 1668 523 1750; x_wconf 83' lang='lat' dir='ltr'><strong>gratiae</strong></span> <span class='ocrx_word' id='word_1_66' title='bbox 548 1666 726 1732; x_wconf 82' lang='lat' dir='ltr'><strong>debitorem</strong></span> <span class='ocrx_word' id='word_1_67' title='bbox 745 1666 899 1731; x_wconf 81' lang='lat' dir='ltr'><strong>efficiatis.</strong></span> <span class='ocrx_word' id='word_1_68' title='bbox 946 1668 982 1733; x_wconf 87' lang='lat' dir='ltr'><strong>Si</strong></span> <span class='ocrx_word' id='word_1_69' title='bbox 1005 1669 1061 1751; x_wconf 92' lang='lat' dir='ltr'><strong>qui</strong></span> <span class='ocrx_word' id='word_1_70' title='bbox 1082 1690 1157 1733; x_wconf 84' lang='lat' dir='ltr'><strong>vero</strong></span> <span class='ocrx_word' id='word_1_71' title='bbox 1178 1678 1257 1735; x_wconf 86' lang='lat' dir='ltr'><strong>sunt</strong></span> 
     </span>
     <span class='ocr_line' id='line_1_11' title="bbox 305 1770 1272 1854; baseline 0.005 -21"><span class='ocrx_word' id='word_1_72' title='bbox 305 1770 412 1834; x_wconf 74' lang='lat' dir='ltr'><strong>amuli</strong></span> <span class='ocrx_word' id='word_1_73' title='bbox 434 1775 492 1833; x_wconf 90' lang='lat' dir='ltr'><strong>aut</strong></span> <span class='ocrx_word' id='word_1_74' title='bbox 512 1770 661 1835; x_wconf 84' lang='lat' dir='ltr'><strong>malevoli</strong></span> <span class='ocrx_word' id='word_1_75' title='bbox 683 1770 757 1849; x_wconf 92' lang='lat' dir='ltr'><strong>mei,</strong></span> <span class='ocrx_word' id='word_1_76' title='bbox 778 1771 835 1854; x_wconf 90' lang='lat' dir='ltr'><strong>qui</strong></span> <span class='ocrx_word' id='word_1_77' title='bbox 856 1770 897 1834; x_wconf 93' lang='lat' dir='ltr'><strong>ob</strong></span> <span class='ocrx_word' id='word_1_78' title='bbox 920 1771 984 1835; x_wconf 90' lang='lat' dir='ltr'><strong>mei</strong></span> <span class='ocrx_word' id='word_1_79' title='bbox 1008 1770 1120 1836; x_wconf 90' lang='lat' dir='ltr'><strong>odium</strong></span> <span class='ocrx_word' id='word_1_80' title='bbox 1140 1793 1196 1836; x_wconf 81' lang='lat' dir='ltr'><strong>vos</strong></span> <span class='ocrx_word' id='word_1_81' title='bbox 1219 1774 1272 1838; x_wconf 68' lang='lat' dir='ltr'><strong>in·</strong></span> 
     </span>
     <span class='ocr_line' id='line_1_12' title="bbox 305 1873 1256 1959; baseline 0.004 -22"><span class='ocrx_word' id='word_1_82' title='bbox 305 1874 465 1957; x_wconf 74' lang='lat' dir='ltr'><strong>injuriam¹</strong></span> <span class='ocrx_word' id='word_1_83' title='bbox 479 1874 542 1939; x_wconf 91' lang='lat' dir='ltr'><strong>Dei</strong></span> <span class='ocrx_word' id='word_1_84' title='bbox 565 1880 598 1939; x_wconf 90' lang='lat' dir='ltr'><strong>et</strong></span> <span class='ocrx_word' id='word_1_85' title='bbox 621 1874 762 1939; x_wconf 82' lang='lat' dir='ltr'><strong>eoelesiae</strong></span> <span class='ocrx_word' id='word_1_86' title='bbox 784 1873 1026 1954; x_wconf 84' lang='lat' dir='ltr'><strong>detrimentum,</strong></span> <span class='ocrx_word' id='word_1_87' title='bbox 1048 1877 1256 1959; x_wconf 79' lang='lat' dir='ltr'><strong>suggestione</strong></span> 
     </span>
     <span class='ocr_line' id='line_1_13' title="bbox 305 1977 1256 2061; baseline 0.004 -20"><span class='ocrx_word' id='word_1_88' title='bbox 305 1978 446 2061; x_wconf 84' lang='lat' dir='ltr'><strong>maligna</strong></span> <span class='ocrx_word' id='word_1_89' title='bbox 459 1977 601 2057; x_wconf 89' lang='lat' dir='ltr'><strong>trahant,</strong></span> <span class='ocrx_word' id='word_1_90' title='bbox 616 1978 739 2043; x_wconf 92' lang='lat' dir='ltr'><strong>bonum</strong></span> <span class='ocrx_word' id='word_1_91' title='bbox 759 1984 809 2041; x_wconf 88' lang='lat' dir='ltr'><strong>est</strong></span> <span class='ocrx_word' id='word_1_92' title='bbox 822 1977 912 2041; x_wconf 85' lang='lat' dir='ltr'><strong>vobis</strong></span> <span class='ocrx_word' id='word_1_93' title='bbox 930 1977 1080 2043; x_wconf 88' lang='lat' dir='ltr'><strong>timorem</strong></span> <span class='ocrx_word' id='word_1_94' title='bbox 1095 1980 1159 2044; x_wconf 90' lang='lat' dir='ltr'><strong>Dei</strong></span> <span class='ocrx_word' id='word_1_95' title='bbox 1180 2000 1256 2045; x_wconf 91' lang='lat' dir='ltr'><strong>oon-</strong></span> 
     </span>
     <span class='ocr_line' id='line_1_14' title="bbox 306 2080 1257 2166; baseline 0.001 -20"><span class='ocrx_word' id='word_1_96' title='bbox 306 2081 384 2147; x_wconf 91' lang='lat' dir='ltr'><strong>siliis</strong></span> <span class='ocrx_word' id='word_1_97' title='bbox 402 2080 655 2165; x_wconf 75' lang='lat' dir='ltr'><strong>malignantium</strong></span> <span class='ocrx_word' id='word_1_98' title='bbox 677 2100 847 2164; x_wconf 88' lang='lat' dir='ltr'><strong>opponere,</strong></span> <span class='ocrx_word' id='word_1_99' title='bbox 862 2087 896 2144; x_wconf 92' lang='lat' dir='ltr'><strong>et</strong></span> <span class='ocrx_word' id='word_1_100' title='bbox 913 2080 996 2145; x_wconf 91' lang='lat' dir='ltr'><strong>illud</strong></span> <span class='ocrx_word' id='word_1_101' title='bbox 1016 2082 1170 2166; x_wconf 85' lang='lat' dir='ltr'><strong>sapientis</strong></span> <span class='ocrx_word' id='word_1_102' title='bbox 1191 2082 1257 2147; x_wconf 94' lang='lat' dir='ltr'><strong>elo-</strong></span> 
     </span>
     <span class='ocr_line' id='line_1_15' title="bbox 306 2184 1258 2271; baseline 0.002 -22"><span class='ocrx_word' id='word_1_103' title='bbox 306 2186 396 2269; x_wconf 84' lang='lat' dir='ltr'><strong>gium</strong></span> <span class='ocrx_word' id='word_1_104' title='bbox 418 2186 603 2250; x_wconf 79' lang='lat' dir='ltr'><strong>memoriter</strong></span> <span class='ocrx_word' id='word_1_105' title='bbox 616 2184 763 2263; x_wconf 88' lang='lat' dir='ltr'><strong>retinere,</strong></span> <span class='ocrx_word' id='word_1_106' title='bbox 781 2184 921 2251; x_wconf 86' lang='lat' dir='ltr'><strong>‘Beatus</strong></span> <span class='ocrx_word' id='word_1_107' title='bbox 942 2185 992 2249; x_wconf 86' lang='lat' dir='ltr'><strong>vir</strong></span> <span class='ocrx_word' id='word_1_108' title='bbox 1010 2186 1066 2271; x_wconf 88' lang='lat' dir='ltr'><strong>qui</strong></span> <span class='ocrx_word' id='word_1_109' title='bbox 1087 2208 1155 2251; x_wconf 93' lang='lat' dir='ltr'><strong>non</strong></span> <span class='ocrx_word' id='word_1_110' title='bbox 1176 2186 1258 2251; x_wconf 89' lang='lat' dir='ltr'><strong>abiit</strong></span> 
     </span>
    </p>
   </div>
   <div class='ocr_carea' id='block_1_3' title="bbox 187 2288 1259 2373">
    <p class='ocr_par' dir='ltr' id='par_1_3' title="bbox 187 2288 1259 2373">
     <span class='ocr_line' id='line_1_16' title="bbox 187 2288 1259 2373; baseline 0.002 -20"><span class='ocrx_word' id='word_1_111' title='bbox 187 2290 192 2297; x_wconf 89' lang='lat'>&#39;</span> <span class='ocrx_word' id='word_1_112' title='bbox 306 2290 342 2353; x_wconf 93' lang='lat' dir='ltr'><strong>in</strong></span> <span class='ocrx_word' id='word_1_113' title='bbox 360 2289 494 2354; x_wconf 83' lang='lat' dir='ltr'><strong>oonsilio</strong></span> <span class='ocrx_word' id='word_1_114' title='bbox 514 2288 707 2373; x_wconf 69' lang='lat' dir='ltr'><strong>impiorum!</strong></span> <span class='ocrx_word' id='word_1_115' title='bbox 752 2288 909 2353; x_wconf 87' lang='lat' dir='ltr'><strong>Omnium</strong></span> <span class='ocrx_word' id='word_1_116' title='bbox 928 2289 1016 2353; x_wconf 91' lang='lat' dir='ltr'><strong>enim</strong></span> <span class='ocrx_word' id='word_1_117' title='bbox 1035 2290 1196 2355; x_wconf 87' lang='lat' dir='ltr'><strong>sententia</strong></span> <span class='ocrx_word' id='word_1_118' title='bbox 1217 2311 1259 2355; x_wconf 88' lang='lat' dir='ltr'><strong>ex</strong></span> 
     </span>
    </p>
   </div>
   <div class='ocr_carea' id='block_1_4' title="bbox 307 2389 1258 2683">
    <p class='ocr_par' dir='ltr' id='par_1_4' title="bbox 307 2389 1258 2683">
     <span class='ocr_line' id='line_1_17' title="bbox 307 2389 1256 2476; baseline 0.001 -20"><span class='ocrx_word' id='word_1_119' title='bbox 307 2392 378 2456; x_wconf 93' lang='lat' dir='ltr'><strong>Deo</strong></span> <span class='ocrx_word' id='word_1_120' title='bbox 392 2390 545 2476; x_wconf 84' lang='lat' dir='ltr'><strong>procedit,</strong></span> <span class='ocrx_word' id='word_1_121' title='bbox 561 2411 657 2475; x_wconf 89' lang='lat' dir='ltr'><strong>quem</strong></span> <span class='ocrx_word' id='word_1_122' title='bbox 672 2389 699 2453; x_wconf 93' lang='lat' dir='ltr'><strong>si</strong></span> <span class='ocrx_word' id='word_1_123' title='bbox 713 2390 749 2453; x_wconf 93' lang='lat' dir='ltr'><strong>in</strong></span> <span class='ocrx_word' id='word_1_124' title='bbox 763 2389 865 2455; x_wconf 92' lang='lat' dir='ltr'><strong>initiis</strong></span> <span class='ocrx_word' id='word_1_125' title='bbox 879 2412 947 2455; x_wconf 92' lang='lat' dir='ltr'><strong>non</strong></span> <span class='ocrx_word' id='word_1_126' title='bbox 960 2390 1054 2457; x_wconf 90' lang='lat' dir='ltr'><strong>bonis</strong></span> <span class='ocrx_word' id='word_1_127' title='bbox 1074 2392 1256 2473; x_wconf 87' lang='lat' dir='ltr'><strong>offenderis,</strong></span> 
     </span>
     <span class='ocr_line' id='line_1_18' title="bbox 307 2495 1258 2579; baseline 0 -18"><span class='ocrx_word' id='word_1_128' title='bbox 307 2498 410 2561; x_wconf 87' lang='lat' dir='ltr'><strong>exitus</strong></span> <span class='ocrx_word' id='word_1_129' title='bbox 433 2496 531 2560; x_wconf 86' lang='lat' dir='ltr'><strong>vestri</strong></span> <span class='ocrx_word' id='word_1_130' title='bbox 557 2516 631 2559; x_wconf 88' lang='lat' dir='ltr'><strong>oum</strong></span> <span class='ocrx_word' id='word_1_131' title='bbox 655 2495 778 2563; x_wconf 89' lang='lat' dir='ltr'><strong>honore</strong></span> <span class='ocrx_word' id='word_1_132' title='bbox 804 2515 961 2559; x_wconf 88' lang='lat' dir='ltr'><strong>essenon</strong></span> <span class='ocrx_word' id='word_1_133' title='bbox 982 2503 1147 2579; x_wconf 90' lang='lat' dir='ltr'><strong>poterunt.</strong></span> <span class='ocrx_word' id='word_1_134' title='bbox 1191 2498 1258 2561; x_wconf 89' lang='lat' dir='ltr'><strong>Det</strong></span> 
     </span>
     <span class='ocr_line' id='line_1_19' title="bbox 308 2598 1258 2683; baseline -0.002 -18"><span class='ocrx_word' id='word_1_135' title='bbox 308 2600 397 2665; x_wconf 82' lang='lat' dir='ltr'><strong>vobis</strong></span> <span class='ocrx_word' id='word_1_136' title='bbox 418 2599 620 2665; x_wconf 75' lang='lat' dir='ltr'><strong>intellectum</strong></span> <span class='ocrx_word' id='word_1_137' title='bbox 640 2605 673 2663; x_wconf 93' lang='lat' dir='ltr'><strong>et</strong></span> <span class='ocrx_word' id='word_1_138' title='bbox 693 2598 884 2663; x_wconf 84' lang='lat' dir='ltr'><strong>modestiam</strong></span> <span class='ocrx_word' id='word_1_139' title='bbox 901 2599 1072 2678; x_wconf 87' lang='lat' dir='ltr'><strong>Dominus,</strong></span> <span class='ocrx_word' id='word_1_140' title='bbox 1087 2606 1126 2662; x_wconf 89' lang='lat' dir='ltr'><strong>ut</strong></span> <span class='ocrx_word' id='word_1_141' title='bbox 1145 2606 1178 2664; x_wconf 91' lang='lat' dir='ltr'><strong>et</strong></span> <span class='ocrx_word' id='word_1_142' title='bbox 1199 2622 1258 2683; x_wconf 91' lang='lat' dir='ltr'><strong>pro</strong></span> 
     </span>
    </p>
   </div>
   <div class='ocr_carea' id='block_1_5' title="bbox 308 2701 1258 2891">
    <p class='ocr_par' dir='ltr' id='par_1_5' title="bbox 308 2701 1258 2891">
     <span class='ocr_line' id='line_1_20' title="bbox 308 2701 1258 2793; baseline 0 -26"><span class='ocrx_word' id='word_1_143' title='bbox 308 2702 396 2767; x_wconf 87' lang='lat' dir='ltr'><strong>vobis</strong></span> <span class='ocrx_word' id='word_1_144' title='bbox 422 2708 516 2768; x_wconf 89' lang='lat' dir='ltr'><strong>orent</strong></span> <span class='ocrx_word' id='word_1_145' title='bbox 544 2701 693 2781; x_wconf 85' lang='lat' dir='ltr'><strong>eeclesiae,</strong></span> <span class='ocrx_word' id='word_1_146' title='bbox 718 2708 751 2765; x_wconf 90' lang='lat' dir='ltr'><strong>et</strong></span> <span class='ocrx_word' id='word_1_147' title='bbox 780 2701 1034 2765; x_wconf 73' lang='lat' dir='ltr'><strong>dominationem</strong></span> <span class='ocrx_word' id='word_1_148' title='bbox 1058 2710 1198 2767; x_wconf 88' lang='lat' dir='ltr'><strong>vestram</strong></span> <span class='ocrx_word' id='word_1_149' title='bbox 1219 2704 1258 2793; x_wconf 86' lang='lat' dir='ltr'><strong>in</strong></span> 
     </span>
     <span class='ocr_line' id='line_1_21' title="bbox 308 2804 1078 2891; baseline 0.001 -21"><span class='ocrx_word' id='word_1_150' title='bbox 308 2807 442 2891; x_wconf 82' lang='lat' dir='ltr'><strong>longum</strong></span> <span class='ocrx_word' id='word_1_151' title='bbox 456 2813 608 2890; x_wconf 84' lang='lat' dir='ltr'><strong>expetant</strong></span> <span class='ocrx_word' id='word_1_152' title='bbox 622 2806 731 2890; x_wconf 89' lang='lat' dir='ltr'><strong>plebes</strong></span> <span class='ocrx_word' id='word_1_153' title='bbox 746 2804 908 2888; x_wconf 81' lang='lat' dir='ltr'><strong>subjectae.</strong></span> <span class='ocrx_word' id='word_1_154' title='bbox 952 2806 1078 2871; x_wconf 83' lang='lat' dir='ltr'><strong>Valete.</strong></span> 
     </span>
    </p>
   </div>
   <div class='ocr_carea' id='block_1_6' title="bbox 308 3118 1259 3291">
    <p class='ocr_par' dir='ltr' id='par_1_6' title="bbox 308 3118 1259 3291">
     <span class='ocr_line' id='line_1_22' title="bbox 308 3118 1259 3184; baseline -0.002 0"><span class='ocrx_word' id='word_1_155' title='bbox 308 3118 529 3184; x_wconf 80' lang='lat' dir='ltr'><strong>EPISTOLA</strong></span> <span class='ocrx_word' id='word_1_156' title='bbox 551 3118 752 3184; x_wconf 77' lang='lat' dir='ltr'><strong>CVII.-sn</strong></span> <span class='ocrx_word' id='word_1_157' title='bbox 770 3137 1003 3183; x_wconf 80' lang='lat' dir='ltr'><strong>rnnosannuu</strong></span> <span class='ocrx_word' id='word_1_158' title='bbox 1021 3138 1259 3183; x_wconf 70' lang='lat' dir='ltr'><strong>carrensium·</strong></span> 
     </span>
     <span class='ocr_line' id='line_1_23' title="bbox 585 3241 984 3291; baseline -0.018 -1"><span class='ocrx_word' id='word_1_159' title='bbox 585 3242 650 3291; x_wconf 80' lang='lat' dir='ltr'><strong>sau</strong></span> <span class='ocrx_word' id='word_1_160' title='bbox 673 3241 984 3291; x_wconf 77' lang='lat' dir='ltr'><strong>sncmumscorou.</strong></span> 
     </span>
    </p>
   </div>
   <div class='ocr_carea' id='block_1_7' title="bbox 247 3375 1260 3649">
    <p class='ocr_par' dir='ltr' id='par_1_7' title="bbox 247 3375 1260 3649">
     <span class='ocr_line' id='line_1_24' title="bbox 247 3375 1259 3457; baseline 0 -19"><span class='ocrx_word' id='word_1_161' title='bbox 247 3442 249 3447; x_wconf 70' lang='grc'>,</span> <span class='ocrx_word' id='word_1_162' title='bbox 309 3376 403 3438; x_wconf 79' lang='lat' dir='ltr'><strong>Patri</strong></span> <span class='ocrx_word' id='word_1_163' title='bbox 431 3396 486 3440; x_wconf 78' lang='lat' dir='ltr'><strong>sao</strong></span> <span class='ocrx_word' id='word_1_164' title='bbox 515 3384 546 3441; x_wconf 87' lang='lat' dir='ltr'><strong>et</strong></span> <span class='ocrx_word' id='word_1_165' title='bbox 575 3380 696 3444; x_wconf 80' lang='lat' dir='ltr'><strong>domino</strong></span> <span class='ocrx_word' id='word_1_166' title='bbox 723 3378 940 3443; x_wconf 74' lang='lat' dir='ltr'><strong>Oaateoaieasi</strong></span> <span class='ocrx_word' id='word_1_167' title='bbox 965 3376 1192 3457; x_wconf 74' lang='lat' dir='ltr'><strong>archiepiscopo</strong></span> <span class='ocrx_word' id='word_1_168' title='bbox 1224 3375 1259 3439; x_wconf 86' lang='lat' dir='ltr'><strong>T.</strong></span> 
     </span>
     <span class='ocr_line' id='line_1_25' title="bbox 342 3479 1260 3564; baseline -0.001 -20"><span class='ocrx_word' id='word_1_169' title='bbox 342 3479 450 3560; x_wconf 81' lang='lat' dir='ltr'><strong>sroter</strong></span> <span class='ocrx_word' id='word_1_170' title='bbox 472 3482 510 3545; x_wconf 83' lang='lat' dir='ltr'><strong>G.</strong></span> <span class='ocrx_word' id='word_1_171' title='bbox 531 3483 780 3564; x_wconf 56' lang='lat' dir='ltr'><strong>Herffordieasts</strong></span> <span class='ocrx_word' id='word_1_172' title='bbox 802 3484 936 3549; x_wconf 80' lang='lat' dir='ltr'><strong>ecclesie</strong></span> <span class='ocrx_word' id='word_1_173' title='bbox 959 3485 1108 3561; x_wconf 80' lang='lat' dir='ltr'><strong>minister,</strong></span> <span class='ocrx_word' id='word_1_174' title='bbox 1131 3483 1260 3545; x_wconf 68' lang='lat' dir='ltr'><strong>saltitem</strong></span> 
     </span>
     <span class='ocr_line' id='line_1_26' title="bbox 348 3584 603 3649; baseline 0.008 -2"><span class='ocrx_word' id='word_1_175' title='bbox 348 3590 379 3647; x_wconf 87' lang='lat' dir='ltr'><strong>et</strong></span> <span class='ocrx_word' id='word_1_176' title='bbox 393 3584 603 3649; x_wconf 81' lang='lat' dir='ltr'><strong>obedientiam.</strong></span> 
     </span>
    </p>
   </div>
   <div class='ocr_carea' id='block_1_8' title="bbox 353 3734 1261 3824">
    <p class='ocr_par' dir='ltr' id='par_1_8' title="bbox 353 3734 1261 3824">
     <span class='ocr_line' id='line_1_27' title="bbox 353 3734 1261 3824; baseline 0.001 -25"><span class='ocrx_word' id='word_1_177' title='bbox 353 3735 406 3799; x_wconf 84' lang='lat' dir='ltr'><strong>Ex</strong></span> <span class='ocrx_word' id='word_1_178' title='bbox 433 3758 497 3821; x_wconf 90' lang='lat' dir='ltr'><strong>quo</strong></span> <span class='ocrx_word' id='word_1_179' title='bbox 522 3737 630 3802; x_wconf 88' lang='lat' dir='ltr'><strong>literas</strong></span> <span class='ocrx_word' id='word_1_180' title='bbox 650 3745 770 3805; x_wconf 84' lang='lat' dir='ltr'><strong>vestras</strong></span> <span class='ocrx_word' id='word_1_181' title='bbox 791 3740 998 3824; x_wconf 85' lang='lat' dir='ltr'><strong>suscepimus,</strong></span> <span class='ocrx_word' id='word_1_182' title='bbox 1013 3739 1137 3802; x_wconf 80' lang='lat' dir='ltr'><strong>finctus</strong></span> <span class='ocrx_word' id='word_1_183' title='bbox 1156 3734 1261 3802; x_wconf 84' lang='lat' dir='ltr'><strong>nostri</strong></span> 
     </span>
    </p>
   </div>
   <div class='ocr_carea' id='block_1_9' title="bbox 174 3836 1260 3927">
    <p class='ocr_par' dir='ltr' id='par_1_9' title="bbox 174 3836 1260 3927">
     <span class='ocr_line' id='line_1_28' title="bbox 174 3836 1260 3927; baseline 0.006 -32"><span class='ocrx_word' id='word_1_184' title='bbox 174 3885 181 3895; x_wconf 94' lang='lat'>.</span> <span class='ocrx_word' id='word_1_185' title='bbox 310 3836 426 3904; x_wconf 84' lang='lat' dir='ltr'><strong>laboris</strong></span> <span class='ocrx_word' id='word_1_186' title='bbox 440 3840 493 3905; x_wconf 90' lang='lat' dir='ltr'><strong>hic</strong></span> <span class='ocrx_word' id='word_1_187' title='bbox 508 3848 566 3905; x_wconf 91' lang='lat' dir='ltr'><strong>est.</strong></span> <span class='ocrx_word' id='word_1_188' title='bbox 602 3844 766 3927; x_wconf 86' lang='lat' dir='ltr'><strong>Rogerum</strong></span> <span class='ocrx_word' id='word_1_189' title='bbox 782 3843 991 3927; x_wconf 88' lang='lat' dir='ltr'><strong>subpriorem,</strong></span> <span class='ocrx_word' id='word_1_190' title='bbox 1006 3842 1111 3905; x_wconf 84' lang='lat' dir='ltr'><strong>virum</strong></span> <span class='ocrx_word' id='word_1_191' title='bbox 1126 3840 1260 3917; x_wconf 92' lang='lat' dir='ltr'><strong>bonum,</strong></span> 
     </span>
    </p>
   </div>
   <div class='ocr_carea' id='block_1_10' title="bbox 310 3942 1261 4440">
    <p class='ocr_par' dir='ltr' id='par_1_10' title="bbox 310 3942 1261 4440">
     <span class='ocr_line' id='line_1_29' title="bbox 311 3942 1260 4031; baseline -0.001 -25"><span class='ocrx_word' id='word_1_192' title='bbox 311 3942 478 4007; x_wconf 90' lang='lat' dir='ltr'><strong>dominum</strong></span> <span class='ocrx_word' id='word_1_193' title='bbox 493 3945 607 4025; x_wconf 84' lang='lat' dir='ltr'><strong>David,</strong></span> <span class='ocrx_word' id='word_1_194' title='bbox 621 3946 661 4011; x_wconf 85' lang='lat' dir='ltr'><strong>G.</strong></span> <span class='ocrx_word' id='word_1_195' title='bbox 675 3948 714 4011; x_wconf 83' lang='lat' dir='ltr'><strong>R.</strong></span> <span class='ocrx_word' id='word_1_196' title='bbox 728 3954 761 4011; x_wconf 91' lang='lat' dir='ltr'><strong>et</strong></span> <span class='ocrx_word' id='word_1_197' title='bbox 775 3969 888 4012; x_wconf 88' lang='lat' dir='ltr'><strong>eorum</strong></span> <span class='ocrx_word' id='word_1_198' title='bbox 902 3946 1071 4031; x_wconf 89' lang='lat' dir='ltr'><strong>eompliees</strong></span> <span class='ocrx_word' id='word_1_199' title='bbox 1084 3945 1120 4008; x_wconf 92' lang='lat' dir='ltr'><strong>in</strong></span> <span class='ocrx_word' id='word_1_200' title='bbox 1134 3949 1260 4027; x_wconf 86' lang='lat' dir='ltr'><strong>partem</strong></span> 
     </span>
     <span class='ocr_line' id='line_1_30' title="bbox 311 4046 1260 4129; baseline 0 -20"><span class='ocrx_word' id='word_1_201' title='bbox 311 4054 454 4112; x_wconf 90' lang='lat' dir='ltr'><strong>nostram</strong></span> <span class='ocrx_word' id='word_1_202' title='bbox 477 4050 701 4115; x_wconf 83' lang='lat' dir='ltr'><strong>convertimus.</strong></span> <span class='ocrx_word' id='word_1_203' title='bbox 746 4050 918 4115; x_wconf 85' lang='lat' dir='ltr'><strong>Nieoalitae</strong></span> <span class='ocrx_word' id='word_1_204' title='bbox 932 4071 1016 4129; x_wconf 84' lang='lat' dir='ltr'><strong>vero,</strong></span> <span class='ocrx_word' id='word_1_205' title='bbox 1032 4050 1115 4114; x_wconf 71' lang='lat' dir='ltr'><strong>aaut</strong></span> <span class='ocrx_word' id='word_1_206' title='bbox 1137 4047 1177 4111; x_wconf 89' lang='lat' dir='ltr'><strong>ab</strong></span> <span class='ocrx_word' id='word_1_207' title='bbox 1197 4046 1260 4109; x_wconf 91' lang='lat' dir='ltr'><strong>ini-</strong></span> 
     </span>
     <span class='ocr_line' id='line_1_31' title="bbox 310 4147 1261 4238; baseline 0 -27"><span class='ocrx_word' id='word_1_208' title='bbox 310 4147 366 4228; x_wconf 92' lang='lat' dir='ltr'><strong>tio,</strong></span> <span class='ocrx_word' id='word_1_209' title='bbox 386 4151 432 4215; x_wconf 88' lang='lat' dir='ltr'><strong>sie</strong></span> <span class='ocrx_word' id='word_1_210' title='bbox 450 4152 539 4217; x_wconf 88' lang='lat' dir='ltr'><strong>vobis</strong></span> <span class='ocrx_word' id='word_1_211' title='bbox 561 4154 768 4219; x_wconf 87' lang='lat' dir='ltr'><strong>adversantur</strong></span> <span class='ocrx_word' id='word_1_212' title='bbox 787 4155 902 4234; x_wconf 87' lang='lat' dir='ltr'><strong>adhue,</strong></span> <span class='ocrx_word' id='word_1_213' title='bbox 923 4162 956 4218; x_wconf 91' lang='lat' dir='ltr'><strong>et</strong></span> <span class='ocrx_word' id='word_1_214' title='bbox 979 4175 1050 4238; x_wconf 80' lang='lat' dir='ltr'><strong>quse</strong></span> <span class='ocrx_word' id='word_1_215' title='bbox 1071 4150 1180 4215; x_wconf 91' lang='lat' dir='ltr'><strong>itineri</strong></span> <span class='ocrx_word' id='word_1_216' title='bbox 1201 4170 1261 4213; x_wconf 92' lang='lat' dir='ltr'><strong>suo</strong></span> 
     </span>
     <span class='ocr_line' id='line_1_32' title="bbox 313 4251 1260 4343; baseline -0.001 -29"><span class='ocrx_word' id='word_1_217' title='bbox 313 4256 492 4319; x_wconf 84' lang='lat' dir='ltr'><strong>necessaria</strong></span> <span class='ocrx_word' id='word_1_218' title='bbox 516 4263 604 4336; x_wconf 89' lang='lat' dir='ltr'><strong>sunt,</strong></span> <span class='ocrx_word' id='word_1_219' title='bbox 629 4257 680 4323; x_wconf 87' lang='lat' dir='ltr'><strong>hie</strong></span> <span class='ocrx_word' id='word_1_220' title='bbox 705 4259 872 4343; x_wconf 83' lang='lat' dir='ltr'><strong>adquirere</strong></span> <span class='ocrx_word' id='word_1_221' title='bbox 898 4268 931 4323; x_wconf 90' lang='lat' dir='ltr'><strong>et</strong></span> <span class='ocrx_word' id='word_1_222' title='bbox 956 4274 1134 4342; x_wconf 84' lang='lat' dir='ltr'><strong>praeparare</strong></span> <span class='ocrx_word' id='word_1_223' title='bbox 1155 4251 1260 4315; x_wconf 90' lang='lat' dir='ltr'><strong>modis</strong></span> 
     </span>
     <span class='ocr_line' id='line_1_33' title="bbox 312 4352 1259 4440; baseline 0.015 -23"><span class='ocrx_word' id='word_1_224' title='bbox 312 4355 460 4419; x_wconf 89' lang='lat' dir='ltr'><strong>omnibus</strong></span> <span class='ocrx_word' id='word_1_225' title='bbox 482 4359 672 4425; x_wconf 88' lang='lat' dir='ltr'><strong>moliuntur.</strong></span> <span class='ocrx_word' id='word_1_226' title='bbox 717 4360 815 4426; x_wconf 91' lang='lat' dir='ltr'><strong>Unde</strong></span> <span class='ocrx_word' id='word_1_227' title='bbox 834 4361 898 4426; x_wconf 89' lang='lat' dir='ltr'><strong>nisi</strong></span> <span class='ocrx_word' id='word_1_228' title='bbox 912 4361 1001 4440; x_wconf 85' lang='lat' dir='ltr'><strong>vobis</strong></span> <span class='ocrx_word' id='word_1_229' title='bbox 1015 4358 1143 4424; x_wconf 81' lang='lat' dir='ltr'><strong>videtur</strong></span> <span class='ocrx_word' id='word_1_230' title='bbox 1161 4352 1259 4431; x_wconf 60' lang='lat' dir='ltr'><strong>affl»</strong></span> 
     </span>
    </p>
   </div>
   <div class='ocr_carea' id='block_1_11' title="bbox 0 0 1628 5192">
    <p class='ocr_par' dir='ltr' id='par_1_11' title="bbox 0 0 1628 5192">
     <span class='ocr_line' id='line_1_34' title="bbox 0 0 1628 5192; baseline 0 0"><span class='ocrx_word' id='word_1_231' title='bbox 0 0 1628 5192; x_wconf 95' lang='lat' dir='ltr'><strong> </strong></span> 
     </span>
    </p>
   </div>
  </div>
 </body>
</html>
