3225 5192
322 782 388 827 an.
407 762 603 846 1148-61.]
654 781 933 827 nnmoanmnsm
948 783 1125 829 rrrsronn.
1213 770 1275 831 149

320 918 414 961 vacro
436 896 562 961 noviter
587 896 813 962 ascenderunt.
858 898 901 961 In
925 898 996 982 ipsa
1020 919 1097 979 grex
1121 899 1274 963 foetarum

320 1006 378 1077 est,
399 1020 470 1081 quae
493 999 528 1062 in
549 1000 674 1082 pascuis
693 1000 812 1063 Bethel
827 1000 897 1084 jam
916 1008 1121 1065 commoratae
1140 1000 1273 1079 diutins,

319 1100 476 1165 virtutum
497 1101 580 1165 lanis
600 1101 823 1165 decentissime
846 1102 1039 1166 vestiuntur.
1071 1104 1127 1166 ·In
1148 1103 1218 1186 ipsa
1239 1113 1273 1167 et

318 1224 392 1268 oves
408 1204 560 1281 emeritae,
577 1226 650 1287 quoe
670 1212 742 1287 post
760 1204 902 1269 sobolem
916 1226 1121 1269 numerosam
1137 1207 1272 1290 jamjam

318 1326 429 1390 parere
444 1305 637 1384 desinentes,
653 1306 692 1371 ad
710 1308 818 1371 caulas
831 1307 903 1369 illas
924 1328 1136 1391 supernorum
1154 1308 1270 1372 civium

317 1408 396 1474 boni
414 1409 549 1493 pastoris
568 1410 703 1474 humero
722 1410 891 1473 transferri
913 1410 1108 1475 desiderant.
1155 1411 1272 1495 Oquis

319 1533 379 1595 ego
397 1534 478 1591 sum,
498 1513 553 1596 qui
575 1520 737 1595 pastorem
755 1512 849 1575 illum
869 1520 1018 1576 sanctum
1039 1534 1194 1596 ovemque
1213 1514 1271 1577 1⁶oe-

319 1615 559 1694 cundissimam,
576 1615 855 1679 Clarevallensem
879 1614 1029 1679 abbatem
1059 1616 1271 1680 clarissimum

319 1717 416 1801 digne
446 1718 716 1782 commemorem?
771 1717 853 1783 Quis
882 1718 963 1781 mihi
991 1718 1084 1782 stilus
1113 1726 1170 1782 aut
1199 1739 1271 1802 quae

318 1820 478 1899 facundia,
498 1828 537 1885 ut
555 1821 683 1885 nrtutis
705 1822 775 1905 ejus
796 1821 847 1884 vel
867 1822 904 1884 in
925 1821 1051 1885 modico
1070 1822 1200 1885 culmen
1222 1830 1271 1885 at-

319 1922 470 2007 tingam?
514 1924 575 1987 Vir
589 1923 724 1988 scientia
743 1924 858 2003 clarus,
882 1924 1054 1987 sanctitate
1073 1924 1270 2002 notissimus,

319 2026 389 2090 sine
409 2027 483 2091 fuco
505 2028 735 2105 sanctissimus,
759 2027 894 2111 scriptor
911 2028 1059 2111 insignis,
1081 2029 1271 2111 praedicator

319 2128 477 2211 egregius,
507 2128 628 2193 ordinis
657 2130 834 2213 speculum,
864 2130 1005 2193 ecclesia
1035 2131 1191 2210 dilatatio,
1221 2131 1272 2195 sui

318 2231 471 2315 temporis
486 2232 543 2311 sol,
558 2231 685 2296 nebulae
705 2232 880 2316 dissipatio,
896 2233 1040 2316 abjectus
1060 2234 1131 2312 sibi,
1146 2234 1270 2298 mundo

318 2334 511 2418 Christoque
532 2336 724 2414 carissimus,
745 2336 891 2401 sacerdos
913 2359 1060 2419 magnus,
1080 2338 1134 2420 qui
1157 2338 1270 2402 diebus

319 2437 385 2501 suis
400 2438 470 2501 Deo
484 2438 614 2521 placens
634 2446 667 2503 et
687 2440 796 2522 justus
816 2440 978 2518 inventus,
992 2440 1167 2504 iracundiae
1187 2449 1269 2504 tem·

319 2562 395 2623 pore
417 2540 543 2625 inipso
565 2542 755 2607 mirabiliter
777 2551 929 2627 operante
944 2544 1191 2620 Dominolesu,
1207 2544 1270 2607 dis·

319 2643 493 2708 sidentium
515 2645 619 2709 factus
646 2655 694 2710 est
716 2648 942 2711 reconciliatio.
988 2646 1048 2709 Vir
1070 2646 1270 2729 squaloribus

318 2744 477 2825 horridus,
492 2749 584 2831 cujus
599 2750 798 2832 consumptis
812 2748 972 2827 carnibus,
988 2748 1113 2813 ossibus
1127 2749 1270 2831 undique

318 2850 401 2913 cutis
422 2850 565 2930 adhaesit,
582 2853 674 2937 cujus
694 2874 755 2916 neo
768 2862 882 2917 venter
895 2853 1069 2936 crapulam,
1085 2873 1146 2915 nec
1160 2872 1196 2915 os
1215 2851 1270 2915 de-

317 2952 406 3017 licias
421 2962 634 3038 praeterquam
649 2956 828 3039 spirituales
848 2955 1002 3039 sapiebat.
1048 2955 1154 3021 Quem
1170 2976 1270 3037 quum

319 3058 490 3140 corporalis
511 3058 700 3123 intuebatur
715 3060 835 3137 oculus,
851 3060 974 3123 mundo
993 3057 1194 3143 despicabilis
1213 3057 1269 3122 ha-

319 3159 465 3225 bebatur.
511 3162 622 3229 Quum
647 3162 820 3245 spiritualis
846 3162 1034 3227 attendebat
1063 3162 1167 3226 nostri
1187 3169 1269 3225 tem·

318 3265 403 3349 poris
432 3266 607 3344 hominem,
642 3266 737 3350 longe
765 3265 924 3329 virtutum
955 3266 1078 3330 meritis
1112 3264 1268 3330 anteibat.

319 3367 401 3433 Quis
415 3369 486 3452 ejus
500 3367 624 3432 labores
640 3368 738 3451 digne
752 3368 892 3432 referat?
933 3370 1094 3433 Sociatam
1109 3369 1170 3432 sibi
1185 3370 1281 3457 'Pha-¹

318 3494 388 3537 mar
402 3494 571 3557 nunquam
592 3473 720 3557 repulit,
736 3472 793 3535 sed
813 3472 881 3555 ejus
902 3494 1010 3537 amara
1024 3481 1093 3537 toto
1107 3473 1181 3537 vitae
1197 3494 1269 3537 cur-
1308 3540 1314 3550 ,

319 3578 420 3641 riculo
434 3576 633 3660 protrahens,
645 3576 735 3639 intus
746 3576 904 3640 virtutum
919 3576 1057 3653 delicias,
1068 3576 1145 3640 foris
1160 3577 1268 3660 spinas

319 3679 476 3763 portabat.
505 3680 628 3743 Doctus
643 3678 783 3762 agricola
793 3679 962 3762 plantabat
976 3678 1120 3761 undique
1131 3679 1267 3756 fortiter,

319 3784 487 3846 affluenter
507 3782 644 3865 rigabat,
665 3791 698 3846 et
719 3781 973 3866 plantationibus
996 3783 1066 3865 ejus
1090 3782 1269 3847 innumeris

319 3883 522 3948 abundanter
541 3886 700 3949 Dominus
721 3885 922 3949 incrementa
943 3885 1127 3969 praestabat.
1172 3886 1270 3951 Unde

318 4009 385 4052 non
396 3987 459 4052 tibi
470 3988 596 4068 Paulos,
609 3988 720 4067 stater,
731 4010 798 4052 non
807 3990 980 4068 Antonios,
995 4011 1064 4054 non
1075 3989 1270 4068 Hilariones,

318 4112 385 4155 non
399 4090 562 4170 Arsenios‚
578 4112 645 4155 non
665 4091 871 4174 antiquarum
891 4092 1042 4157 arborum
1062 4093 1201 4177 paradisi
1218 4114 1270 4155 ve-

319 4200 422 4259 tustos
447 4194 572 4257 ductus
597 4194 632 4257 in
657 4192 707 4257 tui
728 4194 960 4258 recreationem
987 4193 1116 4278 spiritus
1138 4198 1271 4275 antepo-

319 4318 404 4361 nam.
453 4294 517 4360 Hic
532 4316 604 4360 ecoe
622 4316 761 4379 praesens
777 4304 836 4375 est,
852 4298 944 4381 cujus
958 4318 1071 4361 recens
1085 4295 1269 4371 auctoritas,

319 4418 414 4482 quem
438 4398 538 4462 oculis
559 4397 626 4482 ipse
650 4398 831 4481 conspicere
855 4420 1014 4482 quemque
1032 4398 1212 4475 docentem,
1234 4404 1270 4460 ut
