3225 5192
373 561 418 626 bo
622 579 781 628 crassari
799 579 918 627 rousor
934 581 1080 628 assasse

384 903 606 971 EPIS'POLA
627 903 882 971 XXXIV.-ao
895 921 1045 970 amussis
1057 921 1315 968 meorumue-s

758 1027 949 1073 suecorum

376 1161 471 1224 Patri
484 1181 539 1226 orso
553 1167 585 1226 et
599 1161 720 1226 domim
732 1161 766 1225 S.
781 1162 987 1245 Wipomicasi
996 1161 1057 1225 Dei
1066 1163 1176 1244 pratia
1189 1162 1330 1244 φῦθφθ

464 1263 574 1348 frater
587 1265 619 1330 J.
636 1265 715 1329 bella
729 1265 856 1330 Domini
870 1264 1230 1348 cumfiducioproelicri

419 1417 522 1485 Quor
543 1418 650 1503 palam
670 1425 720 1484 cst
741 1425 775 1484 et
794 1418 973 1484 multorum
987 1417 1191 1501 divulgatum
1204 1418 1331 1483 notitia

373 1521 512 1588 testibus
534 1529 592 1587 aut
614 1521 814 1606 argumentis
837 1522 982 1587 evincere
1003 1520 1086 1585 citra
1104 1521 1329 1586 nenessitatem

372 1631 432 1688 est
479 1625 588 1704 Unda,
608 1625 636 1690 si
658 1633 844 1710 promptum
866 1623 1025 1689 serviendi
1044 1624 1134 1689 vobis
1157 1624 1330 1689 habuimus

374 1726 530 1804 animum,
543 1727 741 1811 argumentis
756 1747 825 1792 nou
839 1725 981 1811 approbo
995 1725 1036 1791 de
1051 1748 1116 1810 quo
1126 1727 1254 1791 nullum
1270 1732 1329 1792 aut

372 1829 441 1894 iare
455 1829 583 1894 nullum
598 1830 746 1896 dubitare
765 1849 834 1894 nou
851 1829 976 1895 dubito.
1021 1830 1183 1913 Equidem
1197 1830 1226 1893 si
1239 1829 1329 1895 vobis

373 1933 410 1996 ia
431 1933 559 2016 maguis
581 1933 698 1998 servire
715 1932 929 2018 nequivimus,
946 1931 1093 1997 sedulam
1109 1939 1221 1998 tamen
1241 1933 1331 1998 dedi·

282 2041 287 2049 '
374 2055 448 2100 mus
470 2057 611 2119 operam,
625 2045 665 2103 ut
685 2037 721 2100 iu
738 2036 883 2100 minimis
904 2037 1020 2100 saltem
1034 2036 1070 2100 in
1085 2035 1255 2100 subsidiari
1275 2057 1332 2100 so

375 2139 501 2204 hiscam
530 2140 657 2206 sabone
686 2147 855 2205 amemus.
909 2140 989 2206 Ideo
1014 2147 1135 2219 nostra,
1161 2139 1190 2204 si
1214 2139 1330 2224 phcet,

374 2241 560 2307 merebatur
580 2243 746 2308 humilitas
767 2251 802 2309 et
822 2244 859 2308 in
877 2263 933 2308 ros
953 2243 1121 2329 hucusque
1140 2243 1331 2309 continuata

373 2346 500 2427 caritas,
524 2354 563 2412 ut
585 2347 669 2412 vices
688 2354 815 2412 nostras
835 2369 915 2432 quas
937 2347 1087 2413 adeamus
1108 2345 1153 2412 Η.
1170 2354 1205 2412 et
1228 2347 1268 2411 R.
1289 2345 1331 2412 de

375 2450 504 2514 Oslderi
526 2449 717 2514 sublimitati
736 2458 850 2516 vestra
872 2451 1142 2529 commiseramus,
1157 2449 1332 2534 prudentia

374 2560 481 2618 vestra
497 2553 662 2637 aliquanto
676 2553 789 2618 fuisset
803 2554 991 2637 diligentius
1004 2560 1190 2636 exsequuta.
1233 2553 1329 2617 Scitis

376 2675 450 2720 vero
465 2663 498 2720 et
512 2657 687 2720 multorum
703 2663 832 2721 constat
845 2656 1032 2722 testimonio
1042 2655 1213 2720 dominum
1227 2655 1330 2720 archi·

376 2759 560 2844 episcopum
578 2759 668 2824 vobis
689 2760 795 2843 palam
817 2758 1019 2843 prohibuisse
1040 2760 1177 2843 nequis
1198 2759 1330 2824 illorum

377 2863 604 2942 absolveretur,
624 2863 688 2926 uisi
706 2861 796 2928 vobis
815 2863 1030 2927 ecclesiastica
1049 2863 1223 2928 satisfactio
1241 2862 1329 2927 exhi·

377 2965 517 3030 hereum.
540 2967 586 3030 At
600 2966 671 3030 illos
686 2965 727 3028 ad
738 2965 999 3029 satisfaciendum
1009 2964 1103 3029 uobis
1116 2965 1209 3029 nullo
1221 2965 1330 3029 adhuc

377 3067 622 3133 commonitorio
650 3065 831 3145 induxistis,
854 3066 1067 3130 nihilominus
1091 3073 1202 3130 umen
1226 3066 1331 3131 absol-

376 3172 476 3235 vistis.
522 3169 634 3234 hhm
657 3177 706 3233 est
729 3177 762 3234 ct
783 3170 856 3234 luce
877 3169 995 3233 clarius
1015 3167 1093 3252 quid
1115 3176 1333 3251 consequatur

378 3272 539 3358 expositis.
583 3271 708 3348 Dicam,
725 3271 811 3335 salva
830 3291 909 3355 pace
922 3278 1029 3336 vesus
1045 3278 1080 3336 et
1094 3270 1209 3355 gratia,
1223 3269 1331 3336 dicam

379 3376 465 3461 quod
479 3375 541 3440 hoc
555 3375 624 3460 ipso
637 3395 698 3439 uec
713 3374 844 3440 domiuo
854 3375 1091 3459 archiepiscopo
1101 3373 1330 3455 obedientiam,

379 3499 440 3544 uec
461 3477 555 3544 nobis
580 3497 678 3562 quam
704 3478 910 3564 sperabamus
930 3478 1117 3558 amicitim,
1138 3497 1201 3544 uso
1226 3478 1333 3543 ordini

379 3589 484 3648 vestm
494 3582 545 3648 vel
558 3582 662 3648 officio
672 3582 828 3647 honoram
838 3581 1027 3648 exhibuistis
1038 3589 1096 3647 aut
1105 3582 1329 3648 maerentium.

379 3684 540 3770 Equidem
568 3685 681 3765 molles
709 3685 781 3751 istae
810 3691 844 3751 et
872 3686 1013 3750 mmissae
1034 3685 1207 3770 facilesque
1234 3686 1332 3750 nimis

379 3788 604 3854 misericordias
619 3791 845 3856 auctoritatam
858 3796 997 3854 vestrm
1013 3788 1050 3852 iu
1069 3787 1276 3873 opprobrium
1298 3795 1332 3854 et

379 3891 584 3956 commissam
611 3893 701 3957 vobis
726 3890 887 3977 justitiam
917 3891 1083 3957 deducunt
1110 3892 1148 3955 in
1181 3891 1331 3958 nihilum.

379 3993 479 4059 Auno
494 3994 624 4080 quidem
638 3995 850 4080 spectavimus
863 3995 993 4079 integro
1007 3994 1095 4058 utin
1110 3994 1331 4078 episcoporum

380 4103 543 4162 conventu
564 4097 784 4162 malefactores
808 4105 936 4163 nostros
965 4097 1180 4163 anathematis
1203 4098 1333 4164 viuculo

380 4206 575 4266 teneremus.
618 4199 686 4266 Sed
708 4219 806 4285 quam
828 4201 921 4267 facilc
938 4200 1031 4267 labor
1047 4207 1159 4267 noster
1180 4201 1330 4268 erauuitl

1578 4828 1589 5084 ι
