3225 5192
406 653 470 717 362
719 667 879 712 orassem
898 667 1048 712 sersoorr

407 791 519 868 umus,
549 795 582 852 et
612 787 639 852 si
667 785 781 863 multa,
805 793 917 849 tamen
946 792 984 848 nt
1013 783 1174 847 oredimus
1201 783 1363 848 inoffensa

406 893 503 958 vestri
524 891 734 976 postulantes.
779 889 823 952 In
845 887 962 970 quibus
980 909 1040 952 uos
1059 885 1235 950 exaudiens
1257 887 1364 970 gratia

406 1001 519 1074 vestra,
534 1016 602 1060 nou
617 993 754 1080 antiqua
768 992 873 1056 solum
887 989 1117 1068 familiaritate,
1132 989 1191 1054 sed
1207 996 1241 1054 et
1263 989 1362 1054 bene·

406 1099 478 1164 ficio
500 1097 632 1176 rsoeuti,
655 1103 767 1162 nostra
791 1093 854 1161 sibi
878 1113 989 1158 secure
1013 1091 1196 1158 vendioabit
1221 1092 1362 1157 sorana

408 1201 671 1269 Incolumitatem
695 1205 834 1264 vestram
858 1204 891 1261 et
916 1217 1081 1262 suecessus
1103 1203 1272 1261 conservet
1295 1196 1363 1260 Do-

408 1305 526 1372 miuus.

417 1603 638 1672 EPISTOLA
660 1602 931 1668 ccuva-sa
946 1621 1174 1666 inuasurum
1191 1621 1355 1667 sansonis

677 1725 1090 1770 aasruonnsrsnransess.

412 1859 449 1924 G.
465 1859 527 1922 Dei
537 1859 645 1940 oralia
659 1857 883 1922 sondemus
896 1859 1063 1938 episcopas,
1078 1856 1246 1920 venerabili
1258 1855 1366 1937 fratri

452 1967 484 2025 et
499 1963 597 2024 amico
615 1961 653 2024 L.
674 1959 994 2024 Westmonateseaa
1007 1960 1114 2023 eodan
1125 1964 1234 2042 oratio
1248 1960 1365 2038 abboli

452 2070 484 2128 et
498 2065 608 2129 dilecto
622 2063 683 2128 eidi
697 2065 730 2126 ia
744 2063 877 2126 minino
892 2063 1025 2144 &sedan
1039 2064 1174 2128 ecclesis
1192 2065 1363 2141 conventui,

453 2165 526 2230 dene
542 2186 662 2247 seneper
675 2185 793 2248 sapere,
809 2171 840 2227 et
858 2164 1031 2248 intelliyere
1046 2185 1086 2228 oc
1104 2165 1271 2228 aoniam
1286 2185 1362 2247 pro-

452 2267 565 2331 nidere.

454 2417 691 2498 Quorsumnam,
707 2418 832 2496 maes,
846 2419 1003 2483 relatione
1022 2418 1131 2497 didici,
1152 2418 1239 2502 quod
1259 2419 1362 2503 prius·

412 2543 509 2606 quam
534 2521 649 2611 majori
677 2521 934 2586 communicetur
956 2521 1131 2586 audientias
1159 2521 1201 2584 ad
1226 2530 1365 2586 vestram

411 2641 470 2712 per
484 2647 535 2692 me
556 2627 669 2691 referri
690 2626 841 2691 notitiam
862 2633 931 2690 tam
949 2626 1031 2689 utile
1052 2642 1150 2710 quem
1172 2625 1295 2690 humile
1316 2647 1365 2688 re·

412 2729 532 2814 putavi.
577 2730 672 2794 Inter
694 2727 861 2794 eeclesiam
889 2728 977 2792 beati
1006 2728 1101 2792 Pauli
1128 2735 1162 2792 et
1191 2750 1250 2793 nos
1273 2749 1366 2793 novae

412 2835 478 2900 litis
504 2841 614 2900 estut
640 2833 757 2898 dieitur
778 2853 913 2896 aooensa
937 2832 1121 2912 scintillula,
1148 2853 1220 2916 quae
1244 2831 1272 2894 si
1297 2851 1366 2895 nou

412 2938 555 3002 extincta
575 2935 670 3000 eitius
692 2935 727 3000 in
748 2936 895 2999 flammas
920 2935 1072 3018 eruperit,
1098 2935 1133 2998 in
1158 2935 1259 3018 partis
1284 2934 1365 2998 utri·

412 3059 514 3121 usque
529 3037 732 3120 dispendium
748 3057 817 3100 sese
831 3035 1043 3120 proculdubio
1053 3034 1212 3100 dilatabit.
1252 3035 1368 3100 Solent

413 3140 501 3204 euim
516 3159 620 3204 eausa
634 3137 768 3203 modicae
782 3137 992 3204 dissensionis
1012 3137 1206 3222 gravissimae
1219 3138 1367 3203 fomitem

413 3239 606 3318 ministrare,
637 3261 709 3322 que
737 3239 801 3304 nisi
828 3239 865 3304 in
896 3240 974 3326 ipsis
1008 3241 1227 3325 reprimentia
1254 3241 1366 3321 initiis,

413 3343 521 3410 studio
543 3343 684 3428 partium
705 3349 877 3425 tractuque
897 3344 1054 3427 temporis
1076 3343 1157 3409 odeo
1180 3344 1296 3428 soepius
1317 3344 1366 3408 in·

413 3448 587 3526 valesmmt,
602 3454 641 3511 ut
662 3453 735 3529 post
757 3432 907 3530 sumptus
928 3446 1083 3528 plurimos
1105 3455 1140 3512 et
1160 3448 1285 3512 labores
1306 3448 1366 3511 im-

413 3571 542 3614 mensos
571 3548 745 3613 admodum
774 3549 817 3612 sit
846 3548 975 3614 difficile
1005 3549 1186 3615 diffidentes
1215 3551 1276 3615 sibi
1310 3551 1368 3614 diu

413 3659 519 3735 partes
541 3652 576 3716 iu
598 3652 684 3734 pacis
704 3651 848 3733 pristinae
867 3653 1074 3718 serenitatem
1094 3655 1298 3739 aliquetenus
1316 3676 1366 3719 re-

413 3773 534 3818 vooare.
576 3753 674 3818 Unde
690 3752 765 3836 quia
779 3771 889 3816 rernm
904 3753 1012 3819 metiri
1026 3756 1108 3820 solet
1122 3757 1228 3820 exitus
1242 3757 1366 3839 inspee-

412 3859 459 3922 tio
474 3857 625 3942 prudens,
641 3857 791 3922 dilectam
813 3857 895 3920 mihi
911 3858 949 3921 iu
971 3857 1115 3924 Domino
1129 3859 1367 3924 fraternitatem

412 3971 552 4028 vestram
580 3969 728 4046 porrecta
755 3981 850 4046 prees
878 3963 1045 4039 convenio,
1076 3971 1212 4047 paterna
1240 3983 1369 4047 quoqne

413 4067 547 4132 caritate
562 4064 730 4130 eonsilium
751 4064 803 4143 do,
824 4085 867 4129 ue
886 4064 1038 4129 adversus
1052 4074 1189 4130 matrem
1205 4074 1238 4130 et
1252 4067 1368 4130 fratrm

413 4171 613 4235 oooasionem
629 4167 778 4252 quoeratis
793 4168 969 4247 discordiae,
985 4191 1026 4232 ne
1042 4191 1061 4232 a
1076 4191 1142 4233 suae
1162 4170 1276 4232 matris
1298 4192 1366 4234 sm·

414 4273 558 4357 plexibus
581 4272 679 4336 filiam
702 4271 858 4336 studeatis
881 4272 1025 4350 avellere,
1047 4272 1103 4335 sed
1127 4272 1255 4335 solitam
1278 4272 1367 4335 debi-
