3225 5192
418 679 484 742 304
737 691 893 737 ornnnnrr
909 691 1052 738 nersoorr

416 815 513 880 sisste
537 833 611 878 vero
637 817 758 888 monet,
785 831 829 874 ne
857 809 909 874 bis
937 809 1067 873 enimus
1093 808 1286 892 implieetur,
1310 829 1370 874 neo

417 937 508 980 emor
530 915 581 980 bis
601 933 674 1000 que
697 912 885 978 transitoris
909 920 988 976 sunt
1012 911 1197 988 inclinetur,
1222 911 1279 976 sed
1305 912 1372 976 brec

418 1027 574 1102 tanquam
594 1038 677 1082 vens
694 1015 860 1100 dijudioet,
874 1023 909 1080 et
927 1037 1000 1099 quse
1018 1021 1096 1078 sunt
1116 1013 1168 1078 bis
1186 1014 1302 1080 nltiors
1319 1015 1371 1079 de-

418 1129 530 1188 cernet
560 1129 593 1186 et
623 1125 764 1204 appetet.
810 1116 909 1186 Unde
938 1117 1101 1196 sirasirim,
1126 1116 1213 1201 quod
1238 1117 1375 1182 Centies

420 1225 628 1290 Cantioorum
659 1221 849 1306 appelletur,
876 1227 1110 1304 oonsequenter
1138 1241 1312 1304 apponens,
1338 1217 1375 1284 in
1446 1273 1450 1281 .

421 1349 485 1414 qno
508 1335 626 1393 ennete
655 1326 881 1412 pretervolens
906 1325 1023 1390 divisse
1052 1324 1215 1409 msjeststi
1243 1325 1374 1401 assistit,

421 1431 510 1496 buno
524 1439 562 1495 ut
577 1450 730 1514 sponsum
745 1429 953 1512 amplectens,
967 1428 1044 1492 buio
1057 1435 1166 1492 totum
1181 1427 1268 1511 quod
1287 1449 1375 1491 umo-

422 1534 466 1599 ris
484 1555 553 1598 esse
572 1531 656 1617 potis
668 1545 713 1598 'ex
734 1531 854 1596 affeetu
866 1537 1101 1615 representans.
1146 1530 1303 1594 Animam
1315 1531 1376 1614 igi·

422 1643 477 1705 tur
502 1636 553 1700 vel
580 1635 744 1700 ecolesism
769 1633 815 1698 sio
841 1633 958 1698 nmoris
983 1634 1060 1716 igne
1085 1653 1282 1711 suooensern,
1308 1653 1376 1696 non

421 1739 490 1804 brec
504 1737 640 1803 visibilia
655 1745 852 1822 querentem
866 1735 924 1801 sed
938 1737 980 1800 ed
994 1735 1166 1800 invisibilis
1179 1743 1250 1800 toto
1269 1735 1375 1799 oordis
1509 1731 1519 1742 ⁰

423 1841 551 1921 effectu,
566 1847 638 1906 tots
652 1840 770 1906 mentis
784 1839 968 1909 intentione
982 1839 1208 1923 suspirantem,
1220 1839 1266 1902 sio
1280 1839 1374 1903 indu-

422 1940 467 2011 oit
482 1946 573 2030 qussi
588 1956 783 2029 querentem
798 1944 907 2008 Deum
916 1943 1065 2008 nondum
1075 1949 1186 2008 temen
1197 1943 1374 2027 apprehen-

421 2049 555 2114 dentem
579 2055 613 2112 et
636 2055 675 2112 nt
698 2047 935 2130 apprehensum
959 2052 1071 2111 teneat
1099 2045 1170 2110 brer
1194 2045 1374 2110 dicentem:

424 2150 626 2216 “Osculetm
649 2170 702 2214 me
724 2149 835 2213 osculo
855 2147 920 2214 oris
941 2148 1001 2226 sni,
1024 2148 1065 2213 de
1087 2169 1152 2232 quo
1172 2148 1219 2213 sie
1239 2147 1375 2212 dimmns

424 2273 496 2336 qne
509 2259 559 2317 est
573 2251 668 2330 ists,”
685 2251 740 2316 bo.

566 2557 786 2624 EPISTOLA
809 2553 1060 2628 GCXHL-sn
1076 2579 1232 2624 neuneu.

432 2711 605 2777 Venerabili
610 2709 721 2794 frater
733 2706 773 2773 R.
785 2707 1020 2794 Hero‘ordteot
1033 2711 1095 2774 Dei
1103 2712 1213 2793 pretio
1226 2713 1375 2794 episeopo,

468 2814 578 2899 srnter
594 2815 632 2878 G.
648 2813 872 2878 Loodomemis
886 2815 1020 2877 ecclesie
1034 2813 1175 2878 minister
1188 2816 1328 2878 salutem.

471 2970 509 3032 Sr
535 2967 634 3034 verbs
658 2966 901 3051 postulavimus,
928 2967 1130 3032 sntisfeotum
1157 2975 1217 3044 est,
1240 2969 1269 3031 si
1296 2989 1375 3046 rem,

426 3093 493 3137 non
515 3072 604 3138 adeo.
649 3072 774 3136 Verum
796 3070 883 3155 quod
903 3075 973 3135 tem
994 3070 1179 3149 honoritioe,
1201 3070 1289 3154 quod
1309 3079 1378 3136 tum

426 3175 567 3258 eleganti
595 3173 736 3257 repulse,
756 3181 831 3238 vote
858 3181 971 3238 nostre
997 3172 1201 3257 reprobastis,
1226 3174 1318 3238 vobis
1344 3181 1378 3238 et

427 3277 560 3343 notariis
581 3277 694 3342 vestris
718 3283 856 3360 qusntss
878 3277 1034 3342 debemus
1056 3277 1177 3360 gratiss
1199 3277 1377 3355 referimus,

352 3427 354 3432 -
426 3384 512 3466 ipsus
527 3387 692 3448 annuente
707 3380 860 3458 Domino,
875 3399 950 3444 oum
964 3401 1016 3444 res
1031 3381 1093 3444 erit
1107 3381 1285 3461 petieram
1299 3381 1378 3444 seti-

426 3507 506 3551 ones
519 3484 662 3548 relaturi.
709 3482 806 3549 Quod
824 3491 935 3547 eutem
953 3504 1063 3567 preces
1081 3481 1209 3548 nistros
1223 3505 1301 3567 quus
1319 3504 1379 3567 pro

427 3588 623 3669 dejectorum
648 3591 834 3652 nostrorum
859 3586 1074 3666 restitutione,
1100 3596 1215 3653 vestrre
1238 3589 1377 3672 porrexi-

426 3709 498 3752 mus
511 3688 717 3766 fraternitati,
730 3689 825 3772 juxta
838 3689 1088 3774 intelligentiam
1102 3699 1243 3756 vestrum
1256 3713 1377 3775 neque-

428 3810 524 3873 qunm
547 3789 764 3856 admittendus
786 3791 935 3871 scribitis,
955 3813 999 3856 ne
1017 3793 1053 3856 in
1075 3795 1243 3858 eoelesism
1262 3795 1326 3858 Dei
1344 3801 1378 3858 et

428 3912 533 3957 snoros
548 3913 686 3958 oenones
701 3893 851 3974 graviter,
866 3894 953 3979 quod
967 3895 1061 3973 sbsit,
1077 3897 1296 3975 committatis,
1312 3918 1379 3960 non

428 3997 506 4062 sutis
521 3995 672 4062 ndmirmi
686 3997 871 4062 sufficimus.
903 3998 1015 4070 Quum
1029 4000 1133 4082 prims
1146 4000 1216 4064 baeo
1231 4001 1297 4064 sint
1311 4006 1380 4065 tem

429 4101 530 4166 divini
544 4121 641 4184 quum
652 4099 791 4166 bumsni
801 4102 885 4186 juris
898 4102 1069 4182 elemento,
1084 4104 1168 4168 nulli
1189 4103 1381 4187 permissum

430 4225 499 4270 esse
519 4204 580 4269 sibi
596 4203 650 4288 jus
670 4203 785 4282 dicere,
802 4205 955 4288 vipulsos
974 4204 1016 4269 nd
1035 4226 1166 4270 omnem
1180 4227 1312 4271 osusem
1327 4207 1381 4271 de-

431 4307 507 4374 bere
527 4308 663 4390 restitui,
685 4308 889 4393 predonibus
908 4309 1007 4376 etism
1027 4309 1239 4396 violentisque
1261 4333 1383 4397 posses-
