3225 5192
363 703 365 713 ,
387 645 430 706 52
634 661 795 707 crassam
814 661 935 705 roaros
951 659 1096 706 ssssrrs

385 773 483 840 homo
505 777 764 860 superseminans
784 775 914 840 zizaniis
933 775 1090 839 offuscare
1109 785 1256 855 conatur,
1277 775 1342 840 dis-

384 878 484 942 cretio
498 878 593 943 nobis
608 879 777 962 spirituum
794 878 974 942 necessaria
987 885 1047 955 est,
1063 884 1102 942 ut
1117 899 1184 942 non
1204 878 1341 943 circum·

383 981 526 1046 feramur
540 982 631 1045 omni
645 988 743 1045 vento
757 981 915 1045 doctrine
927 981 977 1044 vel
991 981 1085 1044 facile
1100 983 1341 1064 acquiescamus

384 1083 503 1162 emori3
526 1083 583 1148 sed
607 1083 782 1167 probantes
808 1105 935 1167 semper
959 1084 1086 1167 potiora
1110 1084 1285 1150 solidemus
1305 1085 1342 1150 in

385 1185 515 1251 Christo
533 1186 710 1264 caritatem,
725 1187 761 1250 in
783 1207 880 1270 quem
903 1207 1021 1250 ancora
1039 1193 1158 1251 nostrae
1179 1188 1248 1271 spei
1268 1210 1341 1272 pro-

380 1289 469 1373 jecta
492 1298 552 1354 est.
597 1291 731 1354 Frustra
755 1311 896 1374 namque
925 1289 1085 1354 credimus
1114 1297 1149 1354 et
1175 1312 1341 1374 speramus

384 1391 447 1455 nisi
461 1391 599 1458 invicem
614 1392 795 1476 diligamus.
840 1392 1059 1456 Attendamus
1077 1390 1159 1457 illud
1172 1393 1340 1477 Apostoliz

385 1494 511 1559 Caritas
526 1517 693 1579 nunquam
705 1495 824 1560 excidit
832 1521 842 1574 ;
858 1495 990 1560 verbum
1001 1496 1108 1574 breve,
1119 1497 1177 1560 sed
1190 1497 1343 1562 foecunds

386 1599 557 1662 sententia.
604 1597 668 1662 Hic
682 1599 778 1682 plane
793 1598 1004 1682 conjungitur
1013 1619 1073 1662 nos
1088 1600 1195 1663 autin
1210 1600 1340 1666 Christo

384 1721 453 1764 non
482 1699 639 1779 dilexisse,
666 1708 723 1764 aut
745 1701 859 1765 leviter
883 1721 904 1764 a
926 1701 1061 1765 caritate
1085 1723 1154 1765 nou
1175 1703 1340 1768 excidisse.

385 1801 465 1866 Non
479 1804 603 1868 veroin
618 1803 748 1869 Christo
763 1803 870 1887 diligit
891 1804 947 1887 qui
967 1804 1060 1868 facile
1078 1815 1285 1888 promovetur
1299 1808 1341 1871 sd

387 1905 508 1971 odium.

495 2132 717 2198 EPISTOLA
738 2132 989 2198 xxxva-sn
1005 2154 1046 2197 νν.
1062 2155 1228 2199 raroasu.

388 2284 483 2347 Patri
505 2304 560 2347 sao
584 2289 615 2348 et
640 2284 762 2350 domim
785 2285 847 2348 Dei
866 2286 976 2366 pratia
995 2287 1098 2367 priori
1116 2287 1164 2350 W.
1176 2285 1286 2367 frater
1302 2286 1341 2350 G.

432 2389 610 2452 Glocestriae
628 2389 730 2452 dictus
750 2388 855 2468 abbas,
870 2389 905 2451 ia
924 2389 1033 2453 decore
1046 2391 1196 2454 υἰνΐιιίαπν
1211 2391 1341 2455 delicim

429 2491 553 2574 regibus
567 2493 756 2556 ministrare.

431 2640 540 2706 Quum
561 2642 596 2705 in
617 2641 820 2726 singulorum
843 2641 1013 2707 commoda
1030 2651 1145 2707 vestre
1164 2664 1208 2722 se,
1224 2643 1342 2708 dilecte

387 2751 489 2827 pater,
505 2746 674 2830 diligentis
692 2745 836 2810 caritatis
851 2753 1007 2824 exerceat,
1023 2746 1158 2810 fortasse
1177 2747 1286 2810 miuus
1306 2747 1344 2809 in

388 2847 438 2911 sui
464 2849 677 2914 admiratione
704 2849 911 2933 suspenditur
933 2857 967 2913 et
990 2871 1063 2932 quse
1088 2850 1131 2913 ad
1154 2849 1343 2914 innumeros

388 2949 616 3017 beneficiorum
645 2953 864 3016 immensitate
893 2951 1088 3014 diffunditur
1113 2952 1200 3015 intra
1221 2952 1342 3036 proprii

384 3053 498 3136 judicii
522 3056 676 3118 terminos
701 3062 790 3118 arcta
812 3053 1005 3116 humilitatis
1027 3054 1141 3136 regula
1162 3053 1342 3119 cohibetur.

386 3158 519 3224 Quanto
548 3167 659 3223 tamen
688 3160 866 3243 gratiarum
893 3157 998 3221 imbre
1027 3165 1169 3221 mentem
1197 3167 1339 3223 vestram

387 3260 563 3326 divinitatis
578 3262 667 3326 unda
680 3261 867 3346 perfuderit,
883 3260 960 3324 hinc
979 3261 1075 3324 datur
1089 3261 1238 3345 intelligi,
1254 3261 1342 3344 quod

387 3363 422 3427 in
446 3364 616 3429 vehemens
640 3365 690 3428 sui
714 3363 906 3428 desiderium
928 3385 995 3427 non
1014 3384 1133 3456 paucos
1154 3364 1195 3428 de
1218 3364 1342 3428 ultimis

388 3474 483 3531 terrae
511 3467 629 3531 finibus
657 3467 787 3531 virttstm
816 3474 929 3531 vestrae
961 3467 1141 3550 fragrantia
1176 3469 1343 3550 sanctique

388 3570 529 3634 nominis
544 3591 639 3634 suave
654 3569 802 3635 redolens
817 3570 926 3654 opinio
937 3570 1006 3653 jam
1021 3569 1188 3654 pertraxit.
1217 3571 1343 3635 Scimus

389 3693 463 3737 vero
481 3673 600 3736 multos
617 3674 721 3738 multa
741 3672 842 3736 animi
865 3672 1031 3736 alacritate
1045 3673 1198 3736 festinare
1215 3673 1256 3737 ad
1276 3694 1342 3752 vos,

389 3783 427 3839 nt
449 3777 517 3860 jam
541 3777 651 3840 dicant
674 3777 803 3860 singuli,
826 3776 968 3839 clament
990 3775 1148 3853 uuiversi3
1170 3776 1264 3840 trahe
1283 3798 1342 3842 nos

387 3884 529 3961 postte,
556 3899 719 3943 curremus
748 3879 783 3942 in
810 3877 908 3943 odore
932 3886 1175 3961 unguentorum
1198 3887 1342 3944 tuorum.

389 3981 483 4046 Inter
512 3981 681 4046 dominum
709 3982 741 4045 Α
743 4027 855 4044 .....
872 3979 1134 4045 Lincolniensem
1159 3982 1344 4066 episcopum

386 4092 480 4150 tanta
502 4086 594 4150 decet
620 4108 640 4150 a
662 4085 832 4170 majestate
857 4092 965 4149 vestra
987 4084 1192 4150 veneratione
1214 4086 1342 4170 suscipi,

387 4196 509 4272 quanta
532 4189 649 4252 scimus
671 4209 747 4253 eum
767 4187 810 4250 sd
828 4207 884 4251 vos
904 4186 1039 4250 caritate
1062 4188 1213 4270 perduci3
1235 4189 1342 4272 perhi-

386 4291 466 4358 bent
488 4312 563 4357 vero
586 4293 656 4376 ejus
678 4291 753 4357 vitae
776 4290 1000 4356 testimonium
1022 4290 1146 4356 bouum
1169 4291 1343 4357 familiares
