3225 5192
252 709 535 792 nullut-89]
585 728 1029 772 nonnournusrsnrrsroan.
1138 711 1201 772 331

251 846 406 923 habeatis,
423 844 508 928 quod
530 853 686 929 patronus
708 851 813 910 vester
834 853 868 908 et
890 845 1053 928 apostolus
1072 846 1203 924 Paulus,

251 951 322 1035 plus
348 949 499 1014 omnibus
526 949 677 1034 apostolis
702 948 869 1028 laboravit,
894 949 949 1032 qui
978 956 1016 1012 ut
1044 947 1204 1014 mundum

251 1053 451 1118 infidelitatis
470 1059 625 1137 purgaret
639 1074 757 1131 errore,
773 1053 872 1118 semel
887 1052 928 1117 ob
943 1052 1110 1118 Christum
1124 1053 1204 1137 lapi·

252 1157 347 1220 datus
368 1162 428 1234 est,
444 1155 613 1239 quinquies
636 1155 827 1238 flagellatus,
847 1163 898 1220 ter
918 1155 1015 1240 virgis
1037 1177 1147 1234 caesus,
1170 1162 1204 1220 et

250 1266 323 1344 post
337 1259 509 1323 innumera
522 1258 665 1343 pericula
679 1280 750 1343 quae
769 1265 857 1324 terra
874 1259 1019 1343 marique
1039 1259 1203 1339 sustinuit,

252 1363 364 1427 Romae
378 1362 511 1426 tandem
530 1383 589 1446 pro
610 1360 739 1427 Christo
760 1361 933 1446 gloriosam
952 1362 1116 1426 sustinens
1132 1383 1203 1446 pas-

252 1465 385 1542 sionem,
402 1463 509 1547 gladio
524 1471 768 1528 consummatus
782 1471 841 1529 est.
876 1463 950 1529 Hoc
964 1464 1053 1529 vobis
1067 1471 1204 1548 patrono

251 1565 461 1650 gaudmdum
487 1575 546 1646 est,
573 1566 633 1632 sub
660 1575 753 1632 tanto
780 1567 1012 1651 gratulandum
1040 1568 1203 1632 advocato.

253 1670 318 1735 Qui
340 1670 415 1734 licet
437 1670 585 1735 ecclesias
608 1669 686 1735 orbe
709 1676 779 1734 toto
804 1671 1006 1753 plantaverit,
1025 1669 1090 1734 fide
1109 1691 1204 1734 mun·

253 1773 332 1838 dum
347 1773 585 1851 illuminaverit,
602 1772 692 1837 sedes
714 1772 774 1836 sibi
794 1779 905 1838 tamen
923 1772 1110 1856 episcopalis
1128 1794 1204 1836 nus·

253 1899 349 1961 quam
370 1883 407 1940 ut
427 1877 607 1942 audivimus
629 1877 663 1940 in
686 1877 780 1941 terris
798 1877 903 1960 posita
916 1886 975 1955 est,
991 1883 1205 1960 preterquam

251 1979 304 2043 hic
319 1979 403 2044 inter
417 2002 482 2058 vos,
497 1980 554 2045 ubi
568 1981 603 2045 in
617 1980 718 2065 ipsius
734 1980 973 2045 venerationem
989 1987 1023 2044 et
1037 1979 1204 2065 sempiter-

252 2103 328 2145 nam
358 2083 546 2148 memoriam
571 2083 708 2148 fundata
733 2091 782 2148 est
809 2082 951 2162 ecclesia,
976 2090 1010 2146 et
1035 2082 1205 2166 episcopali

253 2183 412 2268 dignitate
431 2186 573 2252 Domino
593 2187 682 2252 vobis
703 2187 764 2253 hoo
783 2187 1032 2253 misericorditer
1051 2194 1085 2250 et
1104 2187 1204 2270 speci-

253 2287 347 2351 aliter
374 2289 578 2371 praevidente,
605 2291 786 2356 sublimata.
834 2291 973 2355 Habetis
996 2290 1106 2373 itaque
1128 2289 1202 2354 bea·

253 2397 323 2452 tum
339 2389 477 2454 Paulum
493 2393 671 2474 apostolum
687 2394 872 2477 episcopum
890 2394 1071 2458 animarum
1085 2401 1204 2458 vestra·

251 2513 335 2572 rum,
348 2492 403 2577 qui
419 2494 458 2557 de
475 2515 572 2558 manu
589 2495 720 2559 Domini
735 2496 770 2560 id
784 2496 966 2580 specialiter
981 2497 1121 2579 suscepit
1136 2497 1204 2559 offi-

251 2595 302 2674 cii,
330 2596 426 2658 utin
452 2617 548 2660 carne
577 2597 728 2675 viventes,
754 2617 807 2662 vos
837 2599 982 2663 oratione
1007 2621 1066 2662 sua
1091 2606 1204 2663 sancta

251 2697 379 2762 muniat
399 2705 432 2762 et
452 2697 615 2776 defendat,
631 2704 665 2763 et
682 2719 756 2762 oum
774 2699 865 2763 exuti
884 2720 981 2764 carne
994 2699 1133 2778 fueritis,
1149 2720 1204 2764 vos

253 2802 408 2885 perducat
437 2800 478 2865 ad
507 2801 662 2866 thronum
691 2802 801 2886 patris.
848 2803 933 2867 Utar
958 2803 998 2868 ad
1025 2825 1080 2866 vos
1103 2804 1205 2887 ipsius

254 2905 368 2968 verbis.
413 2905 470 2970 Ait
490 2905 594 2970 enim:
619 2905 749 2970 ‘Nolite
772 2926 888 2971 errare.
934 2906 1023 2970 Deus
1045 2927 1113 2970 non
1134 2906 1204 2970 irri-

253 3007 358 3072 detur.
397 3008 479 3074 Quae
499 3009 585 3072 enim
606 3010 811 3074 seminaverit
824 3010 932 3089 homo,
948 3009 1017 3074 haec
1032 3016 1065 3074 et
1081 3009 1204 3073 metet!

255 3111 377 3176 Audite
396 3113 588 3196 magistrum
609 3121 760 3192 vestrum,
777 3113 888 3178 audite
907 3135 1033 3191 sanum,
1050 3120 1084 3177 et
1106 3111 1204 3177 sursu-

252 3214 320 3298 pite
349 3215 530 3280 consilium.
576 3215 743 3280 Seminane
768 3237 858 3281 nunc
881 3216 1027 3300 potestis,
1054 3216 1140 3299 quod
1168 3215 1204 3280 in

252 3325 375 3381 aeterna
398 3318 465 3382 vita
493 3317 682 3402 suscipiatis.
729 3320 828 3384 Nunc
853 3320 965 3404 hyems
991 3327 1050 3397 est,
1077 3328 1204 3402 tempus
1248 3375 1252 3380 .

253 3420 406 3484 sementis
426 3421 583 3504 jaciendae
606 3444 694 3487 nunc
719 3429 779 3502 est,
801 3423 883 3488 hora
906 3421 995 3488 vobis
1019 3423 1128 3487 oculos
1150 3443 1204 3491 ex-

253 3529 357 3587 trema
379 3523 406 3587 si
427 3523 587 3604 clauserit,
608 3547 674 3590 non
690 3526 759 3610 jam
780 3525 961 3590 seminandi
982 3531 1109 3608 tempus
1131 3524 1203 3588 erit.

253 3625 365 3691 Quum
385 3627 520 3711 januam
545 3637 617 3712 post
641 3650 675 3693 se
698 3629 849 3694 clauserit
872 3651 1018 3713 sponsus,
1040 3628 1203 3693 fatuamm

250 3730 318 3813 jam
338 3731 499 3815 virginum
520 3731 640 3796 clamor
659 3732 765 3796 inanis
785 3733 857 3796 erit.
902 3730 1083 3795 Audiamus
1103 3730 1204 3813 igitur

253 3834 437 3918 episcopum
466 3841 614 3900 nostrum
644 3834 689 3898 sic
718 3834 953 3897 exhortantem.
1008 3833 1096 3915 Ergo
1125 3832 1203 3897 dum

252 3943 380 4021 tempus
403 3935 558 4000 habemus
578 3957 747 4020 operemur
765 3933 889 4000 bonnm
909 3934 951 3998 ad
971 3957 1092 3999 omnes.
1137 3934 1203 3998 Mi-

253 4039 432 4105 sericordire
451 4047 578 4124 tempus
598 4038 684 4122 quod
704 4060 791 4102 nunc
811 4046 870 4117 est,
887 4038 1056 4122 injustitiae
1075 4045 1204 4121 tempus

252 4143 413 4227 impingit.
459 4142 525 4208 Qui
544 4141 793 4207 misericordiam
813 4142 849 4205 in
868 4142 1020 4225 presenti
1034 4161 1100 4204 nou
1114 4139 1203 4202 exhi·

252 4247 316 4324 bet,
333 4268 353 4310 a
368 4246 511 4310 Domino
522 4245 683 4329 justitiam
699 4252 779 4308 tuno
794 4252 951 4329 expectet.
997 4243 1050 4306 Ad
1068 4263 1123 4306 vos
1143 4244 1202 4306 ita·

252 4373 313 4435 que
325 4357 537 4430 recurrentes,
548 4350 711 4429 carissimi,
722 4359 863 4415 vestrum
876 4348 1051 4414 attendatis
1061 4349 1202 4426 initium,
