3225 5192
372 715 438 780 356
684 730 845 776 ernssarr
865 727 1015 773 srrscorr

374 964 595 1032 EPISTOLA
615 963 853 1030 com-m
871 979 1069 1025 uarruaurr
1086 976 1328 1023 successurus.

697 1085 1002 1131 secururscouorr.

463 1221 615 1284 Mettium
633 1217 840 1282 Glocestrenri
853 1215 1081 1293 archidiacono,
1096 1215 1236 1277 salntem

425 1373 508 1436 Hac
525 1369 659 1454 quaestio
674 1375 723 1434 cst
738 1389 836 1452 quam
854 1367 1010 1446 formatis,
1026 1365 1079 1430 cui
1097 1371 1137 1428 ut
1158 1361 1330 1448 respoude-

378 1483 453 1542 atur
475 1473 612 1558 exigitis.
658 1473 712 1536 An
735 1471 914 1550 mulierem,
937 1469 978 1535 de
999 1491 1064 1554 qua
1085 1469 1202 1552 agitur,
1217 1467 1259 1530 ad
1277 1467 1331 1550 ju-

379 1586 574 1654 ramentum,
597 1583 635 1640 ut
662 1575 721 1639 sibi
743 1575 927 1660 judicatum
956 1581 1016 1653 est,
1042 1572 1186 1638 debeatis
1216 1569 1332 1636 admit-

379 1691 458 1760 tere,
479 1703 521 1746 an
544 1679 696 1743 laminam
720 1676 888 1742 candentis
906 1677 984 1741 ferri
1002 1675 1126 1756 subeat,
1148 1680 1243 1760 prout
1264 1673 1334 1737 viro

380 1786 441 1849 sibi
466 1789 604 1848 mortem
630 1781 803 1846 minitante
832 1780 1014 1866 spopondit,
1040 1787 1187 1865 oporteat
1209 1797 1266 1842 vos
1291 1775 1333 1840 de

377 1890 451 1974 jure
475 1885 670 1972 permittere.
716 1885 760 1948 Et
783 1905 877 1948 cesus
896 1883 1027 1968 quidem
1049 1883 1128 1947 varii
1147 1883 1336 1965 frequenter

381 1996 562 2074 emergunt,
578 1997 611 2053 et
633 1987 749 2051 mulier
770 1987 806 2050 in
828 2007 925 2071 opere
943 1987 1136 2071 quandoque
1155 1983 1334 2068 depreben-

381 2095 478 2172 ditur‚
501 2113 568 2157 uon
595 2090 794 2174 deprehensa
818 2111 946 2174 quoque
968 2090 1161 2173 quandoque
1186 2093 1336 2172 suspects

381 2204 491 2260 tamen
506 2215 562 2257 rea
575 2193 766 2276 postillator.
808 2192 1051 2276 Deprehensam
1065 2193 1118 2257 lex
1131 2190 1241 2275 Moysi
1254 2190 1334 2274 lapi-

382 2297 490 2376 dabat,
506 2303 688 2380 suspectam
707 2295 758 2358 lex
778 2295 946 2380 zelotypiae
964 2294 1180 2360 examinabat.
1222 2295 1335 2377 Aquas

383 2400 471 2465 enim
486 2397 700 2464 amarissimas
713 2397 749 2462 in
764 2419 844 2482 quas
858 2399 1005 2462 sacerdos
1019 2398 1191 2463 maledicta
1204 2417 1336 2480 conges-

384 2509 470 2568 serat
492 2507 639 2586 suspecta
661 2500 778 2564 mulier
798 2501 978 2580 hauriebat,
997 2523 1069 2585 quas
1091 2500 1223 2584 quidem
1242 2499 1336 2564 inno·

384 2613 511 2670 centem
526 2625 593 2668 uon
607 2603 778 2682 laedebaut,
794 2610 827 2667 et
841 2625 930 2668 ream
945 2604 1072 2669 sceleris
1086 2603 1161 2668 ilico
1175 2603 1337 2686 dirrumpe-

385 2710 476 2775 bant.
522 2706 717 2772 Adulterum
741 2714 775 2771 et
799 2707 979 2771 adulteram
1001 2708 1053 2772 lex
1072 2707 1255 2791 principum
1277 2727 1337 2790 pu·

385 2811 506 2890 nicbet,
522 2817 556 2875 et
570 2809 694 2874 miseris
713 2809 903 2874 mortalibus
918 2831 1056 2895 quorum
1074 2811 1112 2874 in
1130 2809 1254 2874 lubrico
1272 2817 1339 2872 sta-

385 2923 440 2981 tus
477 2922 536 2993 est,
573 2935 669 2998 poena
697 2913 919 2997 multipliciter
947 2914 1148 2978 imminebat.
1208 2913 1340 2978 Gratias

387 3018 529 3084 Domino
543 3018 564 3081 J
566 3037 623 3081 esu
638 3017 694 3100 qui
708 3024 826 3080 cuncta
840 3016 989 3081 novando
1002 3017 1140 3081 mutarit
1158 3017 1195 3080 in
1212 3017 1339 3094 melius,

387 3130 420 3187 et
447 3120 537 3204 aquia
567 3119 697 3184 Marem
725 3119 854 3202 lignum
882 3121 985 3184 erucis
1015 3118 1231 3199 admiscendo,
1257 3120 1341 3182 dura

386 3224 467 3308 legis
487 3229 521 3286 et
541 3242 650 3286 emera
663 3221 863 3305 temperavit,
878 3220 932 3286 bic
946 3221 1178 3306 deprehensam
1197 3230 1231 3287 et
1250 3243 1340 3286 ream

388 3328 515 3392 sceleris
531 3325 703 3390 adductam
719 3325 760 3389 ad
775 3346 810 3389 se
822 3325 980 3406 liberavit,
996 3334 1029 3391 et
1045 3325 1142 3390 duros
1160 3326 1242 3409 legis
1260 3325 1339 3410 lapi-

388 3433 444 3497 des
462 3432 534 3495 illos
553 3429 772 3495 commutavit.
818 3430 870 3494 De
890 3430 1007 3514 quibus
1029 3430 1151 3495 dictum
1175 3437 1233 3509 est,
1251 3431 1339 3496 Quo-

388 3535 476 3598 niam
493 3535 682 3617 placuerunt
697 3533 794 3596 servis
805 3533 871 3596 tuis
885 3534 907 3596 l.
920 3555 947 3598 e.
978 3535 1092 3599 Nostri
1106 3556 1247 3617 namque
1261 3532 1340 3616 lapi·

389 3636 445 3700 des
459 3634 493 3698 hi
510 3642 596 3712 sunt,
611 3635 798 3719 increpatio,
810 3638 979 3721 correptio,
994 3638 1169 3721 peccatoris
1189 3637 1231 3702 sd
1248 3636 1340 3700 lacri-

388 3758 468 3816 mas,
489 3735 531 3799 sd
551 3737 700 3819 gemitus,
717 3737 757 3800 ad
777 3738 1020 3820 confessionem,
1036 3747 1070 3805 et
1089 3739 1340 3804 satisfactionem

388 3839 614 3907 multimodum
626 3841 819 3923 provocatio.
843 3841 971 3910 Quibus
981 3844 1065 3909 bene
1074 3843 1238 3928 lapidatur
1251 3842 1340 3907 adul-

390 3955 462 4012 tera
486 3965 561 4010 cum
585 3953 717 4028 peceato
740 3947 887 4027 moritur,
912 3955 945 4011 et
968 3947 1025 4013 illo
1049 3949 1139 4014 intus
1161 3947 1343 4011 virificaute

391 4049 447 4134 qui
469 4049 524 4128 ait,
548 4049 638 4112 ‘Nec
660 4069 720 4132 ego
742 4057 776 4114 te
798 4051 1030 4131 condemnabo,
1048 4049 1128 4115 vade
1149 4057 1183 4114 ct
1204 4048 1343 4133 amplius

390 4153 458 4217 noli
479 4151 630 4237 peccare!
672 4154 704 4217 A
723 4159 828 4217 morte
850 4154 966 4219 animoe
987 4176 1084 4238 quam
1104 4154 1285 4218 incurrerat
1306 4151 1343 4215 in

389 4255 566 4321 novitatem
580 4255 655 4320 vitae
669 4255 852 4321 suscitatur.
897 4255 972 4324 Quo
986 4257 1141 4323 nimirum
1156 4256 1254 4321 modo
1267 4276 1343 4319 cum

390 4377 523 4424 uxorem
538 4380 629 4424 susm
644 4358 811 4425 virbonus
826 4361 960 4445 lapidari
975 4361 1141 4446 conspicit,
1157 4359 1254 4425 debet
1275 4359 1344 4442 ipse
