3225 5192
315 639 601 723 s.1›.1148-61.]
652 660 1141 709 nrsnroansrssrsrrrsronsr.
1207 646 1269 713 167

313 782 393 856 tate,
404 797 482 861 paee
493 777 562 860 jam
577 776 706 841 sublata
720 777 761 842 de
775 779 883 843 medio
897 802 958 845 nec
968 781 1071 847 fracta
1080 785 1145 848 cito
1159 785 1268 850 redin-

313 879 443 962 tegrari,
463 900 524 943 nec
545 879 735 945 dissidentes
755 881 931 948 admodum
950 906 1066 969 regum
1080 887 1205 952 animos
1219 888 1267 953 fa·

312 981 372 1047 cile
387 982 449 1046 sibi
468 982 631 1047 conciliari
652 1005 744 1068 posse
758 987 965 1069 speravimus.
1011 988 1077 1053 Sed
1092 990 1148 1075 qui
1161 991 1267 1055 ventis

310 1084 447 1169 imperat
471 1092 504 1151 et
523 1086 605 1150 mari
624 1088 797 1169 procellam
820 1089 886 1153 cito
904 1089 940 1153 in
959 1112 1072 1156 auram
1093 1093 1218 1173 statuit,
1233 1101 1267 1159 et

311 1208 384 1270 quae
405 1188 537 1253 turbata
559 1195 647 1268 suut,
672 1189 713 1254 ad
736 1189 823 1274 pacis
846 1188 973 1257 bonum
995 1195 1106 1259 statim
1134 1202 1173 1264 ut
1198 1196 1267 1261 vult

310 1302 419 1358 amota
433 1293 521 1359 nube
535 1293 703 1359 discordiae
716 1294 888 1379 imperiosa
899 1318 963 1379 qua
976 1305 1092 1381 praeest
1106 1304 1266 1383 potestate

309 1398 477 1461 convertit.
523 1396 621 1463 Unde
641 1417 742 1481 quum
761 1418 825 1481 pax
846 1404 961 1463 nostra
978 1420 999 1463 a
1017 1400 1141 1463 domini
1161 1401 1265 1465 nostri

307 1501 392 1583 regis
414 1520 492 1583 pace
513 1499 704 1584 dependeat,
719 1520 791 1583 spes
805 1500 876 1583 ipsa
889 1500 978 1587 pacis
993 1522 1090 1585 quam
1104 1504 1262 1568 annunci-

309 1606 420 1669 atione
432 1607 501 1689 jam
515 1606 602 1669 bona
617 1604 833 1689 concepimus,
848 1604 992 1669 ecclesiae
1005 1606 1162 1688 pariteret
1179 1627 1259 1690 reg-

307 1730 352 1773 no
366 1708 494 1791 Angliae
508 1709 772 1793 preparatorium
787 1706 951 1790 quoddam
973 1707 1083 1791 gaudii
1099 1754 1263 1775 .......

303 1811 439 1894 juvante
467 1811 610 1875 Domino
639 1810 847 1875 exultationis
875 1809 1012 1875 inducit.
1067 1812 1164 1878 Quod
1187 1834 1262 1878 vero

305 1914 441 1997 speciale
466 1920 515 1978 est
544 1912 586 1977 ad
614 1934 684 1992 nos,
709 1912 856 1995 sospitati
876 1919 991 1977 vestrae
1017 1934 1114 1997 quam
1139 1914 1263 1986 directa

305 2016 445 2081 declarat
460 2016 604 2100 epistola,
615 2016 740 2081 intimis
755 2016 1021 2098 congratulamur
1035 2016 1204 2082 affectibus
1217 2017 1261 2081 ob

303 2127 522 2185 conservatam
533 2120 622 2183 vobis
636 2119 904 2198 incolumitatem,
918 2119 968 2183 illi
982 2120 1103 2203 gratias
1117 2120 1258 2185 referen-

303 2230 363 2301 tes,
379 2222 435 2306 qui
455 2243 530 2287 cum
549 2222 616 2287 suis
635 2221 777 2304 benigne
797 2222 954 2305 graditur,
975 2230 1010 2287 ct
1027 2222 1091 2287 iter
1112 2229 1146 2287 et
1167 2228 1260 2287 actus

301 2325 444 2409 ipsorum
459 2326 574 2409 angelo
589 2326 765 2390 comitante
783 2325 998 2409 prosequitur.
1042 2324 1097 2390 Ad
1116 2333 1260 2391 vestrum

301 2449 376 2495 vcro
397 2431 466 2513 jam
489 2428 635 2513 suspensi
660 2435 811 2493 tenemur
833 2428 987 2507 reditum,
1012 2429 1088 2512 quia
1115 2430 1260 2513 cupienti

302 2533 410 2597 animo
434 2554 603 2617 nunquam
629 2532 707 2597 satis
732 2532 877 2611 festinat,
903 2553 1028 2597 moram
1053 2531 1157 2616 ipsam
1182 2554 1257 2597 cum

300 2636 447 2701 molestia
473 2636 678 2715 sustinentes,
706 2640 739 2699 et
767 2641 806 2699 ut
836 2640 963 2717 optatos
989 2654 1194 2698 occurramus
1220 2636 1257 2699 in

301 2741 475 2823 amplexus,
499 2738 655 2803 adventus
676 2737 774 2802 vestri
795 2736 951 2801 nuntium
973 2734 1014 2799 de
1037 2735 1089 2799 die
1110 2735 1146 2798 in
1168 2734 1255 2799 diem

299 2850 463 2927 sperantes
488 2842 609 2926 pariter
634 2848 668 2905 et
696 2846 915 2924 expectantes.
959 2837 1079 2902 Valeat
1103 2836 1255 2902 dominus

299 2966 391 3010 meus
405 2952 439 3009 ct
452 2944 552 3009 frater
566 2944 602 3007 in
616 2942 746 3007 Christo
761 2941 955 3006 carissimus.

356 3262 575 3328 EPISTOLA
598 3262 844 3327 omn-m
860 3281 1051 3326 orrvsasos
1066 3281 1093 3325 s.
1111 3280 1192 3324 nar.

656 3384 749 3429 scen.
768 3383 889 3429 rrnsos.

299 3516 429 3580 Dilecto
439 3516 499 3579 sibi
509 3517 542 3580 io
552 3516 685 3579 Domino
699 3515 851 3578 aniensis
864 3521 978 3578 sancte
992 3516 1104 3579 matois
1118 3515 1250 3578 ecclesie

333 3621 423 3702 filiis,
430 3619 541 3702 frater
558 3622 596 3683 G.
611 3618 862 3700 Hercsordieneis
880 3620 1012 3683 ecclesie
1030 3620 1179 3699 minster,
1198 3640 1249 3682 sa-

340 3726 431 3788 lutem
446 3743 512 3806 quc
525 3743 606 3787 osae
620 3729 667 3786 est
682 3728 713 3787 et
727 3744 819 3806 quom
832 3742 992 3804 speramur
1006 3742 1026 3785 a
1040 3724 1186 3785 Domino.

339 3874 425 3939 Qun
450 3873 517 3940 litis
539 3872 765 3957 inquietudine
788 3872 980 3957 quandoque
1005 3874 1136 3938 turbata
1160 3879 1247 3953 suot,

295 3978 393 4062 ipsius
424 3977 528 4061 sopito
556 3977 669 4041 fomite
699 3976 806 4041 denuo
835 3983 1026 4041 revocantur
1055 3976 1097 4041 ad
1124 3997 1246 4060 pacem.

295 4079 378 4145 Qum
392 4077 547 4143 nimirum
565 4078 652 4143 inter
671 4078 794 4162 aliquos
815 4078 998 4157 reformata,
1014 4099 1056 4141 ne
1070 4078 1162 4142 facile
1177 4078 1247 4160 qui-

292 4182 429 4248 busdam
458 4180 698 4265 emergentibus
727 4181 831 4245 causis
861 4187 1040 4259 evanescat,
1069 4187 1107 4243 ut
1143 4179 1246 4263 pactis

292 4284 444 4371 legitimis
459 4283 619 4349 firmanda
633 4290 691 4361 est,
707 4284 751 4347 sic
767 4290 800 4347 et
815 4283 1001 4366 excipienda
1016 4281 1142 4365 scripto,
1157 4286 1191 4343 et
1210 4280 1245 4342 in
