3225 5192
376 644 440 705 216
688 668 848 709 orannim
868 668 1018 711 rrrscorr

379 780 519 864 benigne
539 782 710 865 porrigatis
731 782 906 863 dexteram,
922 791 956 847 et
974 784 1248 849 consecrationem
1263 785 1332 868 ejus

380 884 587 948 accelerando
608 885 697 949 vobis
716 886 823 969 ipsum
846 894 879 950 et
900 894 1032 971 propter
1052 887 1159 971 ipsum
1179 887 1334 971 plurimos

381 986 482 1050 artius
497 988 647 1070 obligetis
662 988 703 1052 ad
719 990 867 1071 gratiam.

547 1434 766 1497 EPISTOLA
789 1434 1000 1499 elisit-is
1017 1456 1170 1499 nornen.

384 1606 478 1669 Patri
506 1628 560 1671 suo
586 1614 616 1671 et
642 1608 763 1671 domino
788 1629 904 1671 summo
928 1608 1072 1690 pontifici
1097 1611 1136 1672 A.
1159 1608 1269 1689 frater
1295 1609 1333 1670 G.

426 1710 650 1773 madeniensis
668 1712 800 1774 ecclesie
820 1712 971 1789 minister,
987 1712 1122 1775 debitam
1142 1712 1286 1775 comatis
1304 1716 1335 1773 et

427 1810 603 1875 obedientie
609 1812 810 1894 famulatam.

430 2002 655 2074 Gonoussrns
679 2011 728 2069 est
753 2006 840 2088 apud
868 2026 939 2082 uos,
962 2005 1103 2083 domine,
1126 2006 1335 2088 proeseutium

384 2106 467 2169 lator
483 2106 646 2183 Ricardus,
660 2128 693 2169 se
709 2107 840 2171 ecclesia
855 2106 895 2169 de
910 2106 1116 2171 Bardintuna
1129 2106 1251 2189 injuste
1265 2127 1335 2188 spo-

384 2208 465 2285 liari,
482 2216 514 2271 et
535 2230 604 2272 eam
626 2210 805 2273 aWaltero
828 2210 942 2273 clerico
963 2210 1084 2293 injuste
1106 2209 1167 2273 sibi
1190 2208 1336 2287 detineri,

385 2332 529 2375 assereus
545 2334 578 2376 se
592 2322 629 2377 ut
641 2313 832 2397 jamdictam
851 2322 1055 2397 recuperaret
1073 2314 1239 2378 ecclesiam
1254 2314 1337 2397 jam·

385 2414 508 2478 dudum
533 2416 626 2481 bonae
647 2420 810 2483 memoriae
830 2418 998 2482 dominum
1020 2440 1137 2501 papam
1157 2418 1337 2482 Adrianum

385 2518 498 2595 adisse,
515 2528 548 2583 et
567 2520 609 2583 ad
628 2522 842 2585 venerabilem
858 2522 991 2586 fratrem
1006 2529 1154 2584 nostrum
1169 2520 1336 2585 domiuum

387 2622 620 2687 Cicestrenrem
636 2622 830 2707 episcopum,
846 2624 1037 2688 mandatum
1051 2624 1210 2701 retulisse,
1226 2631 1264 2686 ut
1286 2644 1337 2685 su-

387 2747 444 2808 per
466 2726 576 2789 eadem
600 2748 696 2791 causa
720 2736 937 2811 cognosceret,
960 2736 992 2790 et
1016 2728 1118 2810 ipsam
1142 2728 1208 2790 tine
1231 2725 1339 2789 debito

386 2830 584 2893 terminaret.
631 2832 705 2895 Jam
727 2832 814 2895 dicto
833 2832 943 2913 itaque
964 2832 1113 2915 episcopo
1132 2850 1207 2893 suas
1224 2830 1259 2892 iu
1279 2830 1339 2893 hoc

385 2940 493 3014 partes
508 2933 742 3017 interponente,
754 2935 850 3019 juxta
860 2935 1068 2997 assertionem
1081 2931 1222 3010 Ricardi‚
1233 2932 1338 2995 Adam

387 3037 519 3101 clericus
541 3038 634 3102 diotre
654 3040 802 3117 ecclesiae,
818 3060 857 3103 eo
876 3047 1021 3121 tempore
1036 3037 1197 3111 detentor,
1212 3055 1287 3097 cum
1301 3054 1339 3097 eo

388 3142 422 3204 in
438 3142 524 3206 hunc
539 3143 669 3207 modum
687 3146 876 3227 composuit,
891 3154 929 3207 ut
944 3143 1060 3227 viginti
1080 3142 1197 3207 solidos
1217 3162 1339 3205 annua-

388 3245 458 3322 tim,
475 3246 605 3308 nomine
626 3247 725 3330 ipsius
746 3248 886 3312 ecclesiae
906 3247 967 3311 sibi
987 3247 1132 3323 solveret,
1147 3252 1182 3309 et
1200 3244 1260 3309 hos
1279 3244 1339 3307 sol·

389 3348 500 3425 vendo,
519 3350 684 3414 ecclesiam
706 3351 809 3434 ipsam
831 3351 905 3414 vitae
926 3373 991 3413 suae
1012 3359 1158 3433 tempore
1174 3347 1338 3411 retineret.

389 3451 466 3534 Ipso
486 3472 559 3515 vero
579 3454 783 3536 postmodum
802 3454 838 3516 in
858 3454 920 3517 hac
939 3452 1099 3517 solutione
1113 3458 1269 3529 cessante,
1284 3450 1340 3514 Ri-

389 3554 503 3619 cardus
524 3576 557 3619 se
577 3556 743 3620 dominum
765 3579 880 3641 papam
901 3558 981 3620 item
1002 3555 1116 3634 adisse,
1133 3563 1165 3619 et
1184 3554 1253 3638 jam
1275 3554 1340 3617 dic-

390 3668 456 3721 tam
480 3658 643 3723 ecclesiam
669 3660 728 3723 sibi
752 3661 791 3724 ab
816 3683 853 3725 eo
875 3660 1090 3745 adjudicatam
1113 3659 1221 3737 fuisse,
1245 3677 1341 3740 seque

389 3763 558 3826 sententiat
572 3764 668 3847 hujus
684 3765 908 3829 executionem
922 3764 962 3827 ad
978 3763 1146 3828 dominum
1161 3762 1340 3826 Cicestren-

389 3886 456 3927 sem
472 3864 625 3929 detulisse
646 3879 679 3929 et
695 3867 762 3949 jam
784 3866 907 3929 dictum
923 3866 1029 3929 Adam
1050 3886 1159 3927 secum
1180 3864 1287 3927 denuo
1306 3862 1340 3924 in

388 3966 474 4030 hunc
498 3968 629 4031 modum
652 3970 847 4050 transegisse
873 3968 1019 4044 asseruit,
1043 3977 1081 4031 ut
1106 3967 1342 4050 quinquaginta

387 4070 504 4134 solidos
519 4071 687 4134 annuatim
708 4071 769 4135 sibi
788 4071 946 4149 redderet,
962 4071 1085 4154 hacque
1108 4070 1268 4134 solutione
1289 4090 1341 4132 ec·

388 4172 516 4237 clesiam
540 4175 704 4237 retineret.
751 4175 902 4239 Iunitens
925 4176 1035 4257 itaque
1057 4172 1242 4237 auctoritati
1266 4193 1340 4255 apo-

387 4276 515 4353 stolicae,
527 4298 590 4359 qua
601 4276 660 4340 sibi
677 4278 810 4341 ccclesia
820 4278 887 4362 jam
900 4278 987 4342 dicte
997 4275 1181 4361 adjudicata
1192 4282 1252 4354 est,
1264 4295 1340 4339 cum
