3225 5192
238 745 306 787 ω.
325 722 521 806 1161-89.]
572 739 1015 786 nonnonrsnsrssrrssonn.
1125 726 1187 788 301

239 864 303 928 oris
317 864 392 928 vitae
405 861 618 942 transtulerit,
634 861 798 926 walterus
820 860 987 946 presbyter
1000 862 1041 926 de
1060 861 1188 942 Daubo,

239 967 295 1050 qui
314 967 350 1030 in
370 966 483 1030 eadem
498 965 631 1030 eeclesia
644 965 776 1028 nomine
791 965 911 1048 Rogeri
926 965 1111 1049 aliquandiu
1129 966 1188 1030 mi-

238 1065 397 1143 nistravit,
422 1064 459 1128 in
485 1063 598 1128 eadem
622 1064 753 1127 nomine
778 1063 892 1147 prioris
920 1069 955 1128 et
983 1064 1123 1130 eoelesiae
1148 1064 1189 1129 de

240 1166 419 1230 Malvernia
432 1165 605 1244 ministret,
620 1173 654 1228 et
668 1185 770 1248 usque
784 1166 835 1229 vel
849 1165 1020 1230 decesserit
1033 1167 1084 1231 vel
1099 1187 1188 1232 seon-

239 1270 299 1332 lari
313 1269 387 1333 vitae
400 1267 643 1345 renuntiaverit,
660 1288 770 1331 annua
783 1288 899 1332 maroae
919 1269 1016 1332 nnius
1035 1269 1189 1352 pensione

238 1373 274 1436 in
289 1373 414 1438 Pascha
431 1372 591 1437 solvendae
609 1372 778 1437 annuatim
798 1379 975 1457 perpetuus
993 1373 1028 1437 in
1048 1393 1086 1437 ea
1106 1374 1187 1438 vica·

239 1477 307 1539 rius
335 1482 524 1559 perseveret.
570 1475 749 1539 Nominato
777 1497 853 1540 vero
879 1476 1024 1541 Waltero
1053 1477 1104 1541 vel
1131 1476 1187 1541 ob-

240 1585 347 1657 eunte,
357 1579 406 1642 vel
420 1599 454 1642 se
465 1578 507 1641 ad
520 1577 683 1661 religionis
694 1576 843 1641 habitum
853 1579 1077 1656 transferente,
1087 1579 1187 1644 eoele-

240 1682 341 1746 riade
355 1680 499 1746 Lenhale
513 1703 587 1748 oum
603 1681 693 1747 omni
706 1681 896 1764 integritate
910 1703 969 1746 sua
982 1683 1187 1747 Malvernen-

240 1787 283 1850 sis
298 1785 438 1850 eeclesiae
452 1785 545 1851 bonis
564 1790 733 1864 mussat,
748 1784 915 1868 ipsamque
929 1785 1187 1851 Malvernensem

240 1889 373 1953 ecelesia
406 1887 447 1953 de
479 1896 595 1952 caetero
629 1889 724 1972 plene
756 1887 927 1971 possideat.
981 1887 1078 1954 Quod
1113 1889 1188 1973 qnia

240 1991 323 2055 salvo
345 1991 419 2076 jure
443 1989 700 2056 Herefordiernis
723 1991 865 2056 eeclesiae
888 1998 997 2055 rutum
1022 1992 1188 2057 inoonvul·

240 2115 373 2178 sumque
392 2115 523 2159 manere
541 2094 752 2174 decernimus,
768 2095 880 2178 scripti
900 2095 1066 2179 praesentis
1088 2117 1187 2160 anno-

239 2198 362 2262 tatione
398 2205 431 2262 et
467 2197 564 2280 sigilli
592 2198 695 2262 nostri
724 2197 923 2281 appositione
951 2198 1188 2262 confirmamus.

243 2299 304 2363 His
325 2299 472 2379 testibus,
489 2300 632 2365 Roberto
654 2300 695 2365 de
716 2299 804 2380 Broi,
820 2300 980 2366 Mauricio
1000 2302 1041 2367 de
1062 2302 1188 2368 Subrio·

240 2407 385 2485 teswrde,
409 2407 536 2490 Rogero
561 2405 600 2472 de
625 2406 826 2484 Herefordia,
853 2406 991 2472 Ricardo
1017 2408 1057 2472 do
1085 2408 1188 2473 Sales-

240 2508 338 2588 beria,
369 2508 541 2588 Irudovioo,
570 2509 716 2574 Waltero
745 2509 1005 2594 eleemosynario,
1034 2510 1189 2593 magistro

240 2611 404 2677 Willelmo
426 2612 466 2676 de
488 2612 620 2691 Bernes,
638 2612 780 2696 Hugone
801 2612 966 2696 capellano
988 2611 1033 2677 de'
1049 2612 1188 2694 Hedum,

242 2715 397 2779 Samsone
418 2714 532 2780 elerico
552 2713 677 2798 prioris,
698 2713 879 2797 Reginaldo
901 2713 1084 2793 oamerffio,
1099 2713 1189 2778 wu-

240 2824 310 2882 tero
324 2817 438 2896 Foliot,
456 2816 597 2882 Ricardo
611 2815 742 2894 Brndle,
759 2816 781 2879 J
782 2816 916 2895 ooelino,
931 2815 1048 2881 Alano.
1182 2841 1185 2847 ¹

406 3122 625 3190 EPIS'I'OLA
646 3124 855 3190 CCXL-sn
871 3147 1026 3191 nonusis.

244 3276 400 3340 Gilbertres
410 3277 518 3360 pratia
532 3277 594 3340 Dei
606 3275 831 3341 londoniensis
840 3277 1009 3358 episcopm,
1023 3278 1191 3342 venerabil

275 3379 380 3462 fratri
391 3379 568 3461 dominoque
577 3380 736 3443 rarissimo
747 3380 787 3443 R.
798 3378 1048 3461 Herefordieaoir
1057 3380 1190 3442 ecclesiae

285 3483 391 3547 eaden
405 3483 514 3565 pratia
536 3483 640 3562 electo,
660 3482 792 3546 oolutem
812 3488 842 3546 et
862 3488 984 3564 optatos
1003 3483 1038 3546 in
1057 3483 1190 3547 Domioo

282 3605 401 3670 seraper
415 3583 460 3648 od
471 3589 543 3648 voto
555 3605 721 3650 aucam.

284 3737 479 3801 Vsnaonou
499 3735 593 3800 faoile
613 3735 746 3800 suadeat
765 3736 919 3820 paucitas,
937 3757 1014 3801 cum
1033 3737 1075 3803 od
1094 3758 1190 3802 exau·

242 3838 394 3902 diendum
416 3859 518 3922 prona
539 3845 588 3903 est
609 3839 710 3922 ipsius
734 3837 774 3902 ad
798 3860 894 3922 quem
917 3839 1069 3905 soribitnr
1089 3841 1192 3906 amica

241 3939 433 4024 benignitas.
478 3940 561 4004 Inde
591 3947 640 4005 est
669 3938 756 4024 quod
785 3939 910 4005 dilectae
937 3941 1032 4007 nobis
1059 3942 1096 4006 in
1124 3945 1190 4008 Do-

242 4043 330 4106 mino
349 4043 580 4108 benevolentiae
600 4050 713 4108 vesun
732 4063 842 4126 preces
865 4043 1039 4109 affectuose
1057 4045 1190 4127 porrigi-

241 4167 323 4224 mus,
339 4152 377 4210 ut
400 4147 567 4211 eeclesiam
586 4147 626 4210 de
644 4145 795 4210 Lideberi
810 4167 919 4211 amore
933 4146 997 4211 Dei
1010 4153 1191 4229 nostreque

240 4248 404 4331 petitionis
424 4250 557 4330 intuitu,
572 4250 614 4315 ob
635 4250 743 4316 sedem
763 4248 975 4334 episoopalem
994 4269 1092 4332 quam
1107 4247 1190 4331 jarn-

241 4350 296 4415 din
317 4350 469 4432 obtinuit,
484 4361 518 4418 et
538 4353 578 4418 ob
599 4361 784 4418 sanatorum
804 4353 1025 4437 episcoporum
1046 4371 1190 4416 reveren-
