3225 5192
202 645 564 783 ⁶''a2mll'61-89]
617 696 1058 745 uosuoamusrsnmsroca,
1168 650 1262 745 289Ι
1329 654 1342 672 ⁰

178 977 189 1022 ἶ
222 1075 235 1100 .
321 1025 541 1090 EPIS'POLA
564 1026 824 1090 exem-sn
840 1048 871 1090 c.
890 1047 1182 1090 cauruaarnusrm

597 1149 901 1193 aucmnracouuu.
1177 1160 1180 1164 ,

80 1338 89 1358 ,
132 1306 145 1360 ,·
277 1281 509 1346 Gilbmtschi
520 1281 864 1363 proiiaLoadouieusis
878 1281 1046 1362 episcopas,
1061 1280 1229 1343 venerabili
1369 1361 1380 1384 ⁹

145 1407 150 1416 ·
310 1385 417 1466 fraisi
439 1389 470 1447 ei
492 1384 590 1446 amico
611 1385 772 1446 eudemone
790 1385 828 1446 G.
845 1384 951 1446 eadem
967 1386 1075 1466 pratia
1093 1386 1228 1448 cantaa-
1339 1394 1354 1421 ⁹
1413 1378 1420 1392 '

317 1488 414 1553 riensi
437 1477 667 1566 archidiacono,
690 1487 832 1570 salestina
855 1493 885 1550 ei
906 1488 1034 1552 amau
1056 1488 1228 1551 dilectionis

323 1589 476 1672 affectum.
521 1649 526 1658 ,

320 1740 509 1804 Taurunum
525 1739 624 1818 vobis,
645 1741 818 1819 carissime,
840 1742 1046 1806 commissum
1066 1748 1125 1820 est,
1142 1741 1228 1823 quod

181 1834 187 1845 “
275 1863 402 1925 augere,
429 1851 463 1907 et
491 1842 526 1906 in
556 1843 734 1908 multorum
764 1843 1010 1908 commoditates
1038 1844 1226 1926 expendere,

273 1945 458 2010 discretioni
487 1952 601 2010 vestrae
630 1944 848 2010 necessarium
877 1953 937 2026 est,
966 1953 1006 2011 ut
1034 1967 1110 2011 cum
1138 1946 1226 2010 istud

276 2049 452 2114 multorum
482 2047 702 2114 subveniendo
738 2047 984 2114 necessitatibus
1021 2048 1227 2126 adduxeritis,
1290 2055 1294 2061 ’

277 2151 454 2216 mercedem
469 2151 505 2214 in
519 2151 708 2235 centuplum
724 2173 743 2216 a
757 2151 900 2217 Domino
918 2152 953 2216 in
972 2151 1029 2221 illa
1047 2152 1100 2216 die
1120 2173 1226 2235 repor-

274 2255 357 2318 tetis.
404 2255 576 2322 Talentum
599 2255 661 2322 hoo
684 2255 807 2324 domini
831 2256 933 2324 nostri
957 2256 1042 2344 regis
1065 2263 1114 2320 est
1137 2254 1226 2320 vobis

277 2359 458 2425 aDomino
480 2379 631 2422 concessa
652 2357 862 2439 familiaritas,
885 2382 981 2444 quam
1004 2359 1031 2422 si
1053 2359 1124 2443 quis
1148 2379 1227 2422 auro

171 2479 173 2484 ·
274 2468 437 2544 comparet
459 2460 627 2543 pretiosior
641 2466 699 2538 est,
716 2466 749 2524 et
763 2468 851 2525 recte
866 2468 1116 2545 quantacunque
1130 2482 1226 2543 pecu-

274 2562 330 2626 nia
348 2562 446 2643 louge
465 2561 567 2624 carior
587 2561 774 2624 aestimatur.
820 2562 992 2627 'falcatum
1011 2563 1073 2628 hoc
1092 2571 1131 2628 ut
1147 2564 1224 2628 fide-

274 2664 348 2728 liter
367 2663 516 2747 erogetis,
537 2684 617 2746 opus
636 2670 685 2727 est
708 2669 745 2727 ut
766 2663 874 2747 ipsum
893 2665 934 2732 de
955 2664 1151 2730 sublevanda
1169 2688 1225 2749 op-

274 2788 458 2852 pressorum,
473 2765 602 2831 miseria
618 2766 803 2850 frequenter
822 2773 856 2832 et
875 2768 1009 2832 sollicite
1023 2789 1224 2832 commouea-

274 2871 326 2949 tis‚
343 2876 375 2934 et
390 2870 425 2934 iu
439 2871 501 2934 hoc
516 2891 584 2934 non
598 2876 779 2954 opportuna
793 2871 908 2950 solum,
923 2871 979 2934 sed
998 2871 1225 2955 inopportuna,

275 2974 301 3037 si
323 2973 357 3037 id
378 2974 480 3057 pietas
503 2974 619 3056 exigat,
640 2973 797 3038 instantia
819 2973 1035 3056 perseveretis,
1050 2982 1089 3038 ut
1111 2982 1144 3038 et
1165 2975 1226 3058 ipsi

275 3067 438 3140 meritur!
450 3077 537 3160 apud
559 3077 736 3140 Dominum
757 3078 940 3154 collocetur,
955 3084 988 3141 et
1011 3077 1097 3161 apud
1118 3077 1226 3154 Deum

275 3186 308 3242 et
322 3179 470 3243 homines
486 3179 591 3262 gratia
604 3179 692 3242 vobis
707 3200 774 3243 non
789 3180 970 3244 medicaea
984 3179 1099 3243 studiis
1113 3179 1225 3264 hujus·
1328 3261 1335 3273 .

275 3281 362 3346 modi
377 3281 569 3346 cumuletur.
609 3280 689 3346 Haec
703 3283 777 3347 ideo
792 3283 1036 3366 prelibavimus,
1052 3283 1129 3366 quia
1141 3283 1225 3346 lator

272 3385 479 3469 praesentium
501 3386 647 3469 Rogems
670 3386 709 3452 de
734 3385 927 3452 Deruelord'
948 3407 987 3452 ea
1006 3386 1100 3454 uobis
1120 3387 1222 3452 affini·
1303 3387 1312 3398 '

274 3495 341 3552 tate
365 3489 558 3572 conjunctus
582 3494 640 3566 est,
664 3494 701 3552 ut
727 3485 757 3554 ei
783 3489 893 3555 deesse
916 3510 1123 3573 nequeamus,
1147 3489 1227 3573 quin

275 3590 360 3674 apud
382 3590 451 3669 hos,
468 3590 508 3654 de
523 3611 662 3673 quorum
683 3592 787 3674 gratia
809 3613 868 3657 nos
890 3599 924 3656 et
945 3593 1080 3656 car-itate
1094 3591 1227 3656 confidi-

275 3715 357 3772 mus,
372 3694 472 3778 ipsius
486 3693 522 3757 id
536 3693 685 3777 exigente
700 3696 901 3774 necessitate,
918 3696 1143 3780 supplicemus.
1175 3690 1227 3760 'In

275 3796 362 3860 hunc
375 3817 449 3861 vero
464 3796 614 3860 domiuus
637 3797 735 3862 abbas
750 3797 1032 3864 westmonasterii
1053 3820 1169 3864 manus
1191 3799 1227 3862 iu

275 3905 404 3964 tautum
424 3907 586 3982 aggravat,
602 3905 640 3964 ut
662 3900 703 3964 ab
724 3901 913 3980 hereditate,
930 3923 1001 3985 quse
1023 3902 1085 3967 sibi
1106 3903 1226 3992 prado-

275 4002 408 4067 cessoris
418 4002 468 4065 sui
479 4009 512 4067 et
526 4002 627 4066 totius
642 4001 774 4084 capituli
789 4003 901 4068 charta
915 4006 1104 4069 confirmata
1118 4011 1177 4080 est,
1193 4011 1227 4067 et

274 4105 405 4189 insuper
430 4104 569 4170 dominae
597 4103 810 4188 imperatricis
834 4107 947 4170 matris
973 4107 1095 4171 domiui
1124 4107 1227 4168 nostri

275 4206 359 4290 regis
374 4206 486 4274 charta
499 4207 659 4286 roborata,
672 4227 779 4272 severe
790 4209 887 4273 nimis
898 4211 1056 4292 extirpare
1066 4207 1227 4273 intendat.

276 4309 374 4376 Unde
395 4309 627 4381 benevolentiae
649 4316 761 4375 vestrae
783 4332 893 4395 preces
916 4318 1038 4394 quanta
1058 4329 1227 4396 possumus

742 4433 764 4480 v
