3225 5192
319 664 328 683 '
403 654 464 713 144
713 665 870 709 omanem
885 663 1030 709 arncorr

400 781 653 860 oblectamentis,
669 782 694 846 si
716 781 794 865 quid
808 780 892 845 forte
906 780 1044 845 cohaeret
1058 802 1218 865 asperum,
1232 782 1267 847 id
1282 804 1354 867 gra·

385 877 472 951 ¹tum
496 885 608 963 habeo,
632 882 721 949 velut
746 885 817 969 ejus
843 883 1041 949 admixtione
1069 890 1178 949 totum
1201 886 1283 951 mihi
1311 888 1355 951 sit

401 989 491 1073 quasi
505 987 645 1073 quodam
660 988 725 1051 sale
740 986 918 1051 conditrnu.
951 987 1000 1051 Ut
1015 986 1056 1051 ab
1070 987 1169 1072 hujus
1183 1010 1236 1052 me
1250 1010 1356 1053 causae
1423 1065 1429 1074 .

400 1092 577 1178 patrocinio
591 1090 764 1175 repellatis,
776 1090 960 1169 annectitis,
973 1090 1060 1174 quod
1073 1091 1218 1175 ejusdcm
1233 1102 1357 1156 secreta

402 1194 483 1259 mihi
500 1200 577 1259 sunt
596 1214 723 1277 parvos
738 1193 916 1276 Wigomioe
932 1194 1084 1258 revelata.
1130 1193 1204 1273 Sed,
1222 1203 1261 1259 ut
1277 1216 1356 1279 pace

401 1304 508 1363 vestra
530 1297 674 1375 dixerim,
691 1296 719 1361 si
738 1318 868 1361 mecum
890 1302 1015 1361 secreta
1036 1296 1230 1380 quandoque
1251 1298 1357 1383 gratia

326 1403 334 1417 '
401 1401 584 1467 contulistis
596 1402 700 1465 solum
714 1400 793 1484 quid
802 1397 890 1464 vobis
905 1400 945 1464 de
960 1401 1177 1465 transactione
1187 1402 1353 1484 placuerit,

401 1513 436 1569 et
456 1526 535 1588 quas
555 1526 575 1569 a
592 1504 723 1569 domino
742 1525 826 1587 papa
847 1503 957 1567 literas
981 1505 1178 1586 acceperitis,
1198 1504 1354 1569 ostendis·

401 1609 454 1687 tis,
471 1616 504 1673 et
519 1608 602 1693 ipsas
618 1606 748 1690 quidem
767 1606 877 1671 literas
897 1627 965 1670 non
982 1607 1087 1671 multo
1103 1616 1177 1691 post
1195 1609 1355 1692 episcopo-

401 1733 475 1775 rum
490 1688 674 1775 commissas
694 1708 855 1787 manibus,
870 1708 1017 1773 omnium
1032 1709 1255 1775 indifferenter
1268 1732 1355 1780 oom-

401 1814 560 1879 municari
573 1812 699 1879 notitiae
713 1812 777 1876 vidi
792 1813 912 1895 pariter
926 1820 960 1877 et
974 1812 1128 1877 intellexi.
1164 1814 1253 1881 Quid
1266 1815 1354 1879 enim

403 1917 533 1999 Brugiae
555 1916 647 2000 quasi
668 1915 823 1979 triviatim
846 1913 1082 1998 divulgabatur,
1102 1916 1167 1980 nisi
1188 1916 1354 1983 dominum

402 2018 662 2083 Lincolnienaem
675 2024 708 2081 et
719 2017 884 2081 Eliensem
897 2016 959 2083 hoc
969 2018 1127 2103 accepitne
1137 2019 1173 2081 in
1184 2020 1356 2101 mandatis,

402 2130 440 2186 ut
462 2142 591 2185 causam
605 2127 745 2184 vestram
765 2119 926 2197 audirent,
941 2128 976 2184 et
998 2122 1212 2206 appellatione
1232 2130 1359 2189 remota

402 2222 616 2288 dirimerent?
662 2221 760 2285 Unde
780 2242 857 2285 vero
878 2242 984 2287 causae
1001 2230 1115 2287 vestrae
1129 2224 1287 2289 fundetur
1304 2227 1356 2290 in-

402 2327 516 2406 tentio,
540 2325 657 2409 quibua
680 2325 798 2389 nititur
823 2325 1050 2406 amminiculis,
1070 2326 1205 2410 probata
1224 2329 1268 2394 n‘t
1293 2337 1358 2394 tes·

402 2430 486 2495 tium
515 2436 694 2493 verborum
724 2449 767 2492 an
800 2427 1019 2511 improbabilis
1048 2430 1166 2513 opinio,
1196 2432 1357 2497 sufficiens

401 2552 505 2598 necne
524 2552 678 2611 numerus
700 2530 887 2611 eorundem,
903 2532 1109 2615 possessionis
1123 2540 1239 2599 vestrae
1255 2534 1357 2601 facilia

403 2658 446 2701 an
471 2634 628 2720 implicita
656 2633 813 2719 probatio,
840 2641 874 2698 et
899 2634 1032 2700 omnino
1057 2636 1145 2719 quod
1170 2636 1282 2703 obesse
1306 2638 1357 2703 vel

401 2738 552 2823 prodesse
578 2758 683 2803 cauare
710 2758 912 2821 quacumque
940 2758 979 2803 ex
1004 2746 1097 2821 parte
1122 2740 1276 2823 potuerit,
1297 2762 1359 2805 nec

401 2842 484 2906 mihi
497 2842 533 2906 in
547 2841 681 2906 minimo
696 2840 895 2926 patefactum
909 2847 970 2906 est.
991 2841 1234 2907 Assertionibua
1249 2843 1358 2927 itaque

403 2946 545 3030 partium
564 2966 665 3029 quum
684 2944 801 3008 merita
819 2943 1006 3028 pandantur
1019 2964 1199 3024 cauamum,
1215 2946 1297 3010 mihi
1317 2946 1358 3011 de

402 3054 525 3112 secreto
540 3047 637 3131 hujus
655 3066 760 3111 causae
775 3046 853 3129 quid
872 3052 959 3111 recte
976 3047 1061 3111 valet
1078 3046 1184 3131 objici,
1200 3048 1254 3111 cui
1272 3070 1357 3113 nun·

402 3170 500 3233 quam
515 3149 631 3213 horum
647 3148 728 3211 nihil
742 3148 880 3231 contigit
895 3148 1034 3234 aperiri?
1066 3150 1118 3213 De
1132 3156 1258 3231 caetero,
1275 3150 1358 3215 siem

401 3250 580 3323 orationem
603 3272 667 3333 qua
689 3240 847 3315 declamat
869 3259 981 3316 orator
998 3252 1192 3317 rhetoricam
1211 3252 1357 3333 dicimus,

401 3353 487 3418 locos
499 3353 597 3417 etiam
609 3362 642 3417 et
651 3354 772 3418 colores
780 3354 966 3434 rhetoricos,
976 3355 1064 3419 unde
1079 3356 1170 3434 illud,
1185 3361 1205 3391 ‘⁴
1215 3356 1295 3420 Non
1308 3364 1358 3420 est

401 3456 581 3523 rhetoricus
603 3478 699 3540 quem
721 3458 798 3521 facit
821 3458 870 3521 ira
895 3459 1015 3537 color,’'
1034 3459 1080 3523 sic
1104 3466 1138 3523 et
1163 3480 1235 3523 eam
1261 3480 1358 3543 quam

402 3558 561 3642 sugillatis
590 3560 743 3638 auxesim,
774 3560 850 3626 licet
885 3568 1049 3625 oratorum
1082 3562 1136 3641 sit,
1166 3561 1361 3627 rhetoricam

312 3668 320 3680 '
402 3662 614 3726 nihilominus
628 3662 857 3727 convenienter
871 3684 987 3742 assero,
1000 3684 1038 3727 eo
1050 3664 1136 3747 quod
1149 3665 1234 3727 hanc
1247 3664 1359 3729 rhetor

401 3764 524 3843 edocet,
545 3786 619 3828 cum
641 3772 749 3829 orator
771 3766 884 3831 eadem
906 3766 994 3851 quod
1015 3776 1152 3851 oportet,
1174 3768 1357 3851 amplificet.

403 3870 486 3937 Quae
506 3888 606 3955 quum
625 3871 802 3953 quastione
824 3871 960 3955 probata
979 3873 1088 3937 locum
1107 3872 1235 3951 habeat,
1250 3872 1358 3955 potuit

400 3973 436 4036 in
450 3972 513 4039 hac
525 3973 704 4057 quaestione
719 3982 941 4058 competenter
954 3976 1115 4055 interseri,
1130 3997 1170 4040 ex
1184 3996 1249 4059 quo
1263 3975 1358 4060 caepit

316 4061 324 4074 ’
400 4076 529 4145 acuatu
548 4075 612 4141 fide
631 4076 671 4141 de
693 4076 862 4141 literarum
881 4077 1094 4143 deductarum
1111 4078 1146 4141 in
1167 4078 1274 4143 medio
1288 4098 1357 4142 cor·

401 4178 562 4263 ruptione,
578 4200 646 4243 non
660 4178 791 4261 ambigi.
839 4180 905 4244 Sed
919 4179 997 4263 quid
1011 4180 1098 4243 ista?
1139 4181 1196 4243 dn
1209 4180 1252 4243 ad
1266 4178 1357 4243 Cice·

357 4330 362 4339 .
400 4282 488 4346 ronis
504 4302 557 4346 me
568 4281 721 4365 dogmata
731 4282 899 4361 mansero,
912 4292 946 4347 et
961 4284 1003 4347 ad
1012 4282 1152 4347 salutata
1162 4280 1356 4366 jamdudum
