3225 5192
367 631 388 739 ·.
406 656 468 717 160
722 670 880 716 omnnem
894 670 1040 715 semeom

449 1008 670 1075 EPISTOLA
692 1007 925 1073 cxxii-sn
941 1026 1134 1075 umvnasos
1146 1031 1173 1074 s.
1190 1030 1317 1075 usnnm

731 1131 899 1178 nocemus
915 1131 1037 1176 nuos.

408 1240 539 1331 nelias
553 1266 614 1329 aa
623 1266 658 1329 o
668 1265 800 1328 nomam
811 1265 964 1329 amam
976 1272 1091 1329 sancta
1101 1266 1213 1328 mars
1226 1265 1360 1329 eccon

443 1369 534 1451 filiis,
548 1368 658 1450 frater
675 1369 713 1432 G.
728 1367 979 1450 Herefordieusis
1000 1370 1134 1432 ecclesio
1153 1370 1303 1446 minister,
1325 1370 1359 1431 io

454 1473 576 1537 Christo
592 1472 784 1535 dilectionem
798 1477 830 1534 et
842 1472 973 1534 aolidem
981 1477 1174 1553 popetuooa
1472 1483 1476 1487 “

387 1606 388 1615 ¹
451 1626 629 1690 &nanum
651 1623 915 1688 eontrahentium
934 1624 1016 1689 inita
1034 1632 1129 1709 paeto
1148 1624 1262 1689 stabile
1278 1631 1358 1688 tunc

409 1728 540 1793 demum
563 1728 663 1792 robur
683 1726 855 1821 accipiunt,
874 1748 976 1810 quum
997 1750 1109 1797 eorum
1133 1748 1270 1811 quorum
1289 1728 1359 1791 haee

407 1832 535 1895 firmare
561 1836 666 1915 potest
692 1830 866 1895 auotoritas
891 1830 1096 1913 excipiuntur
1118 1831 1221 1895 literis
1246 1838 1279 1895 et
1304 1832 1358 1894 fir-

408 1941 540 1998 mantur
559 1933 681 2017 sigillis.
726 1933 810 1997 Inde
829 1943 889 2013 est,
906 1934 995 2017 quod
1011 1933 1259 1998 conventionem
1272 1934 1360 1999 inter

409 2036 626 2101 Herebentum
646 2037 838 2101 canonicum
858 2046 1018 2116 nostrum,
1036 2044 1070 2101 et
1084 2038 1285 2102 Willelmum
1306 2059 1359 2102 ea-

407 2140 571 2226 pellanum
591 2140 713 2205 domini
736 2140 773 2203 Τ.
790 2126 1033 2205 Cantusriensis
1050 2140 1286 2225 archiepiscopi,
1301 2141 1359 2205 ha·

408 2244 510 2308 bitum
525 2263 620 2326 super
635 2243 767 2307 eeclesia
781 2242 822 2307 de
839 2244 1050 2327 Hinteberga,
1062 2245 1181 2328 scripto
1196 2265 1358 2308 commen·

409 2344 771 2435 dareonravimus,utin
779 2337 1288 2435 hoeqnodintereosinterposita
1295 2346 1360 2409 tide

408 2450 672 2533 compromissum
687 2456 746 2527 est,
761 2449 940 2533 obligatum
955 2459 1131 2541 utrumque
1149 2450 1242 2515 alteri
1260 2449 1360 2518 etiam

274 2572 281 2587 ·
409 2554 527 2635 scripto
547 2574 617 2617 rem
638 2560 762 2635 gestam
779 2553 917 2635 fideliter
931 2554 1165 2637 interpietante
1180 2562 1358 2618 teneamus.

411 2652 610 2749 Henebertus
635 2656 665 2719 ei
688 2655 724 2718 in
750 2656 911 2739 quandam
937 2665 1075 2748 partem
1088 2650 1269 2741 prebendae
1293 2677 1360 2721 suae

410 2758 585 2836 ecelesiam,
602 2758 721 2823 scilieet
742 2759 782 2823 de
803 2759 1016 2843 Hinteberga,
1031 2782 1106 2825 cum
1121 2760 1242 2845 capella
1256 2759 1360 2825 sancti

410 2862 578 2926 Laurentii
592 2868 626 2926 et
641 2862 711 2925 aliis
727 2862 876 2926 omnibus
896 2863 939 2927 ad
955 2863 1093 2928 eandem
1106 2864 1274 2928 eeclesiam
1287 2884 1359 2947 per·

409 2964 599 3044 tinentibus,
619 2965 688 3049 jam
714 2965 800 3030 dioto
823 2965 988 3031 Willelmo
1010 2968 1045 3030 in
1068 2975 1225 3051 perpetua
1244 2966 1360 3030 vicaria

410 3074 443 3131 et
469 3069 680 3152 eleemosyna,
708 3089 819 3133 annua
843 3069 980 3153 triginta
1004 3070 1180 3136 solidorum
1205 3070 1359 3154 pensione

408 3170 582 3257 tenendam
597 3168 843 3255 habendamque
857 3174 1025 3261 ponoessit,
1042 3180 1075 3238 et
1094 3196 1170 3239 eum
1191 3174 1227 3238 in
1248 3181 1360 3237 nostra

408 3280 442 3337 et
467 3272 600 3355 capituli
624 3273 726 3337 nostii
751 3275 922 3357 praesentia
945 3277 1118 3341 investivit.
1176 3277 1263 3343 Quia
1284 3296 1360 3341 vem

400 3376 563 3452 ,canonico
583 3375 623 3441 do
643 3377 817 3461 prebenda
830 3399 889 3443 sna
902 3380 989 3444 ultra
1003 3380 1089 3444 diem
1102 3380 1279 3445 functionis
1294 3400 1361 3445 suu

410 3477 577 3562 disponere
607 3478 647 3543 de
672 3481 747 3563 jure
775 3501 844 3544 non
873 3481 958 3560 lieet,
983 3502 1044 3563 ego
1073 3491 1105 3546 et
1131 3489 1201 3546 tota
1226 3483 1360 3565 capituli

409 3582 511 3647 nostri
532 3581 699 3665 plenitudo
722 3584 934 3649 conventione
953 3585 1090 3649 eandem
1109 3586 1144 3650 in
1166 3592 1271 3650 totam
1290 3588 1360 3671 jam

409 3684 487 3750 dieti
502 3686 656 3749 Willelmi
673 3686 773 3751 vitam
792 3687 1007 3766 extendimus,
1031 3688 1092 3753 hoe
1112 3688 1262 3753 unanimi
1283 3710 1359 3754 con-

408 3809 505 3853 sensu
534 3788 746 3854 consedentes
776 3796 809 3853 et
839 3797 1029 3869 statuentes,
1056 3799 1094 3855 ut
1123 3791 1149 3854 si
1175 3792 1359 3856 Willelmus

411 3892 590 3957 Hereberto
616 3899 776 3976 superstes
802 3892 955 3971 extiteiit,
979 3893 1009 3957 ei
1035 3892 1090 3977 qui
1117 3892 1298 3957 Hereberto
1323 3894 1359 3956 in

407 3993 580 4079 praebenda
594 3996 705 4061 eadem
721 3996 820 4061 fuerit
831 3995 1037 4075 substitutus,
1046 3997 1082 4059 in
1092 3995 1229 4061 eandem
1244 4003 1277 4060 et
1291 4018 1358 4061 non

409 4097 604 4182 ampliorem,
628 4100 654 4163 si
679 4099 713 4163 id
738 4100 823 4165 forte
845 4100 991 4179 voluerit,
1013 4122 1173 4164 summam
1198 4107 1358 4179 teneatur,

410 4200 466 4265 sed
485 4202 554 4285 jam
572 4201 691 4267 dictam
706 4204 894 4286 pensionem
914 4202 1075 4279 solvendo,
1091 4211 1203 4267 nostra
1221 4211 1254 4267 et
1273 4202 1358 4286 eapi-

411 4305 471 4369 tnli
485 4306 588 4370 nostri
603 4306 804 4385 auctoritate,
821 4306 992 4371 securitate
1007 4307 1193 4391 plenissima
1206 4305 1358 4391 potiatur.
