3225 5192
421 679 487 742 2⁷4
742 690 900 735 onnasrr
915 689 1059 734 ssrsoorr

421 809 586 874 vissimum
606 807 777 892 excepisse,
793 828 892 891 qnam
905 807 968 872 hoc
981 807 1077 871 famoe
1090 827 1159 871 sure
1172 805 1380 891 dispendium

420 920 490 978 toto
516 911 594 976 orbe
617 911 803 975 Christiano
829 931 887 993 per
908 931 965 974 vos
988 917 1023 974 et
1047 917 1170 974 vestros
1192 911 1378 974 incurrisse.

422 1014 510 1081 Quid
529 1014 645 1098 plura?
670 1013 821 1097 aquilone
835 1012 906 1076 vela
919 1013 1077 1096 perflante
1091 1013 1253 1096 completa
1265 1013 1380 1076 fuisset

416 1119 486 1202 jam
504 1117 678 1200 navigatio,
694 1115 758 1180 nisi
776 1116 858 1179 flatu
876 1115 1010 1180 meliore
1026 1115 1140 1200 coaptis
1155 1121 1266 1180 auster
1280 1114 1379 1179 obsti-

420 1221 525 1299 tisset,
542 1241 606 1304 quo
620 1221 721 1284 flante
740 1239 891 1303 prospere
910 1219 1001 1282 navis
1021 1219 1064 1283 ad
1082 1219 1164 1283 litus
1177 1218 1268 1282 unde
1281 1219 1380 1301 ooepit

421 1327 571 1411 navigare
589 1326 745 1410 perducta
764 1331 825 1389 est.
868 1325 913 1388 In
931 1345 1049 1388 manus
1067 1324 1179 1407 itaque
1197 1324 1285 1407 regis
1304 1344 1378 1386 cum

421 1449 477 1494 vos
492 1428 539 1493 rei
554 1427 739 1493 deduxisset
754 1433 899 1506 eventus,
915 1426 1065 1511 nunquid
1079 1427 1162 1490 iram
1177 1433 1309 1490 secutus
1323 1432 1378 1490 aut

420 1532 600 1616 potentiam
622 1531 659 1594 in
681 1552 747 1610 vos,
770 1538 828 1595 aut
851 1531 988 1594 excessit
1008 1551 1114 1614 opere,
1138 1537 1195 1593 aut
1218 1536 1270 1593 est
1292 1527 1378 1612 quic·

421 1635 659 1720 quamlooutus
674 1633 809 1720 aspere?
852 1632 960 1712 Absit,
981 1640 1015 1698 at
1036 1633 1179 1716 benigne
1193 1641 1380 1715 ursoeptnm

421 1745 455 1802 et
487 1736 695 1802 veneratione
720 1757 785 1820 qus
814 1735 924 1801 decuit
953 1736 1153 1800 honoratum
1180 1734 1308 1798 remisit
1339 1732 1379 1796 ad

421 1839 550 1926 propria
573 1847 607 1904 et
630 1859 686 1904 vos
709 1838 746 1902 in
768 1859 870 1921 regno
892 1858 1036 1914 manere,
1059 1837 1265 1901 commissam
1289 1834 1379 1899 vobis

421 1944 589 2010 ecclesiam
603 1963 725 2026 regere,
737 1941 840 2006 animi
853 1941 951 2004 vestri
963 1941 1170 2005 dilectionem
1185 1946 1221 2004 et
1236 1939 1378 2003 dnlcedi-

420 2067 496 2110 nem
516 2044 578 2108 sibi
598 2044 695 2108 rebus
714 2043 793 2128 ipsis
813 2043 993 2122 ostendere,
1008 2043 1176 2107 humiliter
1190 2049 1224 2106 et
1238 2041 1378 2124 benigne

420 2146 630 2232 supplicando
651 2147 863 2211 commonuit.
908 2147 973 2211 Vix
996 2153 1106 2211 auster
1129 2145 1325 2210 detonuerat
1346 2153 1378 2209 et

416 2251 486 2338 jam
501 2249 616 2313 circius
631 2247 847 2328 fulminabat3
869 2257 979 2314 motus
998 2249 1182 2313 animorum
1195 2249 1248 2311 vix
1263 2249 1378 2311 utrim-

421 2373 484 2437 que
498 2351 697 2432 resederant,
713 2358 747 2416 et
762 2372 837 2416 ecce
852 2352 893 2416 de
907 2373 991 2416 novo
1006 2351 1137 2416 emersit
1151 2351 1241 2414 unde
1253 2350 1377 2415 ferren-

419 2457 486 2520 tius
501 2455 684 2520 ebullirent
730 2455 897 2519 Perlatnm
917 2462 968 2519 est
987 2455 1104 2519 advos
1122 2454 1315 2518 mandatnm
1329 2474 1377 2518 re·

422 2560 522 2643 glum,
537 2565 575 2622 ut
595 2559 724 2623 cuidam
743 2558 838 2642 regni
857 2559 1016 2624 nobilium
1035 2579 1133 2642 super
1153 2557 1273 2642 praedio
1293 2557 1379 2641 qnod

420 2667 559 2725 svestra
572 2659 763 2724 vendicabat
778 2660 921 2739 ecclesia,
937 2660 1025 2744 quod
1039 2661 1169 2744 justum
1182 2660 1268 2725 foret
1289 2659 1377 2724 exbi-

420 2761 550 2827 beretis.
583 2761 650 2827 Qui
664 2769 737 2846 post
752 2768 892 2826 statutos
907 2761 976 2826 dies
991 2762 1033 2826 ad
1042 2783 1154 2845 regem
1168 2783 1315 2826 reversus
1329 2785 1378 2826 ss·

421 2866 530 2946 seruit,
553 2886 587 2930 se
608 2886 707 2949 penes
726 2885 781 2930 vos
797 2865 960 2949 justitiam
980 2865 1115 2949 adsequi
1132 2866 1325 2949 nequivisse,
1345 2873 1378 2930 et

421 2989 455 3033 se
474 2969 507 3033 id
527 2969 634 3053 ipsum
646 2969 741 3052 juxta
754 2968 848 3051 regni
861 2975 987 3032 statuta
1000 2989 1108 3033 coram
1123 2968 1213 3033 vobis
1227 2990 1287 3033 suo
1302 2991 1378 3034 con·

420 3093 566 3155 grusque
581 3073 715 3136 testium
726 3072 914 3155 juramento
928 3070 1153 3154 comprobasse
1161 3097 1172 3150 3
1189 3093 1254 3156 quo
1267 3093 1379 3155 regem

420 3182 634 3260 prosequente
651 3174 785 3254 diutius,
800 3183 835 3239 et
854 3195 951 3258 super
970 3174 1153 3239 exbibenda
1171 3173 1234 3239 sibi
1249 3176 1378 3259 justitia

420 3279 563 3364 quotidie
582 3279 793 3363 supplicante,
814 3278 939 3344 domini
960 3278 1065 3343 nostri
1084 3279 1170 3362 regis
1190 3279 1233 3343 ad
1254 3300 1311 3344 vos
1330 3285 1379 3344 est

421 3385 540 3448 emissa
554 3383 675 3462 citatio,
690 3390 728 3447 ut
743 3389 868 3448 statuto
883 3382 935 3446 die
950 3403 984 3446 se
998 3388 1105 3446 vestra
1119 3382 1302 3447 sublimitas
1317 3383 1378 3447 sibi

424 3486 600 3565 exhiberet,
626 3492 665 3550 ut
691 3484 779 3569 quod
801 3485 873 3569 ipso
897 3485 1075 3549 mandante
1099 3507 1170 3549 non
1194 3493 1318 3578 egerat,
1340 3505 1378 3550 eo

420 3595 634 3672 cognoscente
659 3588 815 3671 litemque
840 3587 963 3671 judicio
993 3588 1166 3653 dirimente
1191 3589 1377 3673 compleret.

420 3691 498 3756 Non
521 3697 570 3754 est
592 3711 612 3754 a
632 3689 721 3754 vobis
743 3691 812 3754 haec
833 3690 975 3755 admissa
995 3691 1117 3770 citatio,
1132 3712 1245 3756 verum
1265 3713 1321 3757 vos
1342 3693 1378 3756 in

419 3794 482 3859 hoc
511 3792 574 3858 sibi
602 3792 737 3858 minime
765 3794 950 3879 pariturum
978 3794 1152 3859 declaravit
1176 3817 1198 3859 a
1221 3795 1312 3860 vobis
1337 3795 1379 3860 ad

420 3897 527 3982 ipsum
546 3896 696 3980 delegata
716 3896 892 3981 responsio.
935 3897 1125 3963 Arbitratus
1145 3898 1208 3962 boc
1230 3897 1302 3982 ipso
1323 3898 1378 3963 do·

420 4000 530 4065 minus
558 4019 615 4063 rex
640 3998 708 4082 juri
737 4021 796 4064 suo
826 3999 954 4064 debabi
982 4001 1124 4084 graviter
1152 4009 1187 4066 et
1214 4001 1378 4085 potestati,

420 4103 586 4168 ecclesiam
607 4100 701 4184 regni
717 4102 815 4185 jussit
835 4102 878 4166 ad
899 4102 1070 4167 consilium
1088 4103 1380 4170 Northamtoniam

420 4205 597 4272 convocari.
641 4204 801 4270 Convenit
824 4207 963 4290 populus
987 4214 1026 4271 nt
1051 4207 1100 4271 vir
1124 4229 1222 4286 unus,
1245 4216 1280 4272 et
1302 4208 1379 4272 assi·

420 4310 572 4376 dentibus
592 4307 653 4376 sibi
668 4329 805 4392 quorum
824 4308 860 4372 id
879 4307 1033 4392 dignitati
1052 4309 1255 4392 congruebat
1275 4318 1309 4375 et
1328 4332 1379 4376 or-
