3225 5192
410 666 474 730 254
727 680 885 725 onmes
900 678 1044 725 rrnoon

410 798 611 865 oonsessione
630 797 730 882 partio
749 796 899 876 adversa,
914 816 999 879 saepe
1017 795 1106 860 dioto
1119 794 1263 860 Johsnni
1281 815 1365 879 pm-

409 904 485 968 fatre
513 902 643 985 apella
670 901 800 985 plenam
829 900 1070 964 restitutionem
1098 898 1363 982 adjudicavimus,

409 1005 639 1089 aestimatisque
661 1003 788 1069 damnis
810 1003 910 1067 modii
930 1003 1096 1087 temporis,
1113 1010 1149 1067 et
1169 1002 1231 1067 sub
1250 1008 1363 1066 nostra

408 1109 572 1173 taxatione
586 1106 739 1191 probatis,
757 1107 938 1171 Heurioum
952 1105 1001 1168 illi
1015 1106 1051 1169 in
1066 1126 1226 1169 summam
1241 1104 1360 1169 duode-

408 1210 471 1275 eim
492 1229 674 1277 marearum
696 1207 823 1291 argenti
841 1228 900 1291 per
917 1206 1111 1273 seutentiam
1133 1207 1360 1271 ooudemnsvi-

408 1334 491 1377 mus.
526 1312 608 1378 Quse
623 1311 753 1395 quiade
767 1310 993 1377 commissione
1006 1310 1130 1375 domini
1143 1331 1235 1393 papae
1248 1318 1359 1375 nostro

408 1422 487 1480 sunt
507 1416 610 1480 offieio
632 1414 800 1493 celebrata,
819 1435 863 1478 ne
883 1414 918 1477 in
940 1414 1077 1479 dubium
1098 1414 1140 1477 de
1160 1422 1287 1493 stetero,
1302 1421 1360 1478 aut

408 1519 443 1581 in
465 1518 592 1583 irritum
612 1525 709 1602 queat
730 1517 880 1595 revocari,
895 1516 1098 1581 universitati
1118 1522 1234 1581 vestrm
1251 1518 1359 1581 notifi.

407 1642 490 1701 oare,
519 1629 553 1687 et
582 1643 621 1686 ea
650 1642 714 1705 qua
741 1620 911 1704 firngimur
941 1620 1134 1686 auctoritate
1169 1622 1359 1685 oonfirmsrs

407 1724 597 1789 curavimus.
643 1724 705 1787 His
734 1723 883 1801 testibus,
909 1722 954 1787 H.
978 1723 1101 1787 decano
1125 1723 1229 1787 saneti
1255 1723 1358 1801 Pauli,

406 1830 544 1895 Nicolao
558 1828 781 1895 archidiaoono
796 1827 1028 1906 londoniensi,
1042 1827 1199 1910 magistro
1212 1827 1267 1889 W.

530 2130 751 2197 EPISTOLA
772 2129 1068 2198 OLXXXIL-sn
1084 2152 1227 2197 rosuru.

408 2282 446 2345 G.
462 2282 524 2345 Dei
541 2282 650 2365 oratio
671 2280 895 2347 Loudonieaas'a
916 2284 1084 2366 episcopua,
1100 2283 1222 2345 dilectis
1241 2282 1303 2345 sibi
1322 2284 1358 2352 iu

448 2386 579 2450 Domino
602 2386 753 2451 universis
776 2391 891 2451 sancta
914 2387 1025 2449 matria
1049 2387 1183 2452 ecclerioe
1200 2385 1291 2467 filiis,
1314 2386 1360 2450 od

447 2510 523 2572 quoe
537 2490 634 2553 litere
648 2490 715 2553 iate
723 2490 932 2573 pervenerint,
945 2490 1077 2552 volutem
1090 2489 1124 2553 iu
1141 2490 1273 2555 cauto.

447 2639 609 2707 Novesrr
633 2640 761 2707 dileetio
781 2646 897 2718 vasus,
919 2640 1055 2707 latorem
1077 2640 1286 2723 pmsentium
1309 2640 1354 2708 Η.

404 2742 513 2811 divina
525 2742 760 2821 benedictione,
775 2748 810 2809 et
823 2748 944 2809 nostra
956 2764 1074 2811 manns
1087 2743 1304 2826 impositione,
1314 2744 1357 2811 ad

404 2846 574 2913 saeerdotii
599 2846 737 2930 gradum
762 2865 831 2911 esse
855 2854 1050 2929 promotum.
1096 2845 1195 2914 Quod
1219 2847 1295 2931 quia
1319 2847 1356 2916 iu

404 2949 540 3015 dubium
569 2950 720 3017 nolumus
749 2968 842 3032 posse
870 2949 1021 3029 reroour'i,
1049 2950 1202 3033 prasenti
1237 2950 1355 3034 scripto

403 3053 603 3120 universitati
627 3060 740 3119 vostra
760 3052 795 3118 id
815 3052 983 3119 notificare
1002 3052 1194 3133 caraunus,
1214 3061 1353 3121 vestrm

403 3162 531 3223 orantes
546 3161 579 3221 et
594 3154 801 3223 exhortantes
815 3155 852 3223 in
866 3156 1009 3222 Domino
1023 3156 1239 3235 dileetiouem,
1249 3156 1353 3239 quati·

402 3278 465 3325 mus
484 3279 543 3341 pro
563 3279 671 3323 amore
693 3258 755 3325 Dei
777 3268 812 3325 et
832 3260 1012 3326 reveventia
1030 3260 1152 3327 ordinis
1171 3261 1232 3340 sni,
1246 3261 1353 3344 ipsum

402 3362 438 3429 in
459 3361 646 3429 executione
668 3362 764 3429 offleii
785 3363 836 3429 sui
857 3362 1000 3447 benigne
1019 3364 1192 3449 recipiatis,
1209 3374 1243 3429 et
1264 3364 1352 3429 debi-

401 3471 475 3533 tum
488 3464 537 3531 illi
550 3464 707 3533 honorem
721 3472 853 3549 propter
867 3466 976 3533 Deum
990 3466 1178 3533 exhibeatis.
1210 3466 1351 3535 valeta

516 3768 738 3839 EPISTOLA
760 3770 1075 3838 cmm-sn
1090 3792 1235 3843 roserat.

400 3919 532 3984 Dilecto
546 3920 607 3983 sibi
625 3922 659 3984 ia
677 3920 811 3985 Domino
824 3921 976 3985 ιιηὶυενώ
993 3928 1109 3986 suuotae
1128 3925 1239 3988 matria
1257 3924 1350 3988 eoele-

442 4024 495 4087 sz'ae
509 4022 600 4105 filiis,
615 4022 724 4105 freter
744 4026 780 4089 G.
801 4024 1025 4091 Loadoaieusis
1045 4028 1180 4091 eecloeioe
1200 4029 1349 4108 minister,

441 4126 582 4206 salutar,
594 4128 744 4209 yrotiom,
759 4134 790 4191 et
804 4128 1051 4194 benedictionem·

444 4278 530 4347 Qun
544 4278 708 4349 donantur
725 4280 876 4360 Domino,
890 4283 1058 4363 mimi,
1072 4284 1209 4353 donanti
1229 4307 1350 4369 nequa-
