3225 5192
312 1198 493 1264 ursuni
515 1197 840 1263 EPIS'POLARUM
861 1198 979 1264 'l'OMI
1001 1200 1198 1266 PRIOEIS.

284 1401 372 1465 NE.
394 1403 493 1479 Iadec
506 1401 715 1483 alpiscotiae
729 1402 864 1464 ensem
877 1403 1076 1483 epistolarum
1090 1401 1237 1484 adfinem

557 1505 632 1566 tomi
645 1504 772 1567 secandi
786 1503 968 1568 icoosietsr.

301 1685 329 1750 Ι.
352 1687 526 1752 Errsronss
541 1707 648 1752 rssrs
663 1708 787 1751 sunus
805 1690 891 1752 1139
906 1707 947 1750 nr
964 1689 1048 1751 1148
1063 1707 1220 1753 scarrrn.

1097 1839 1190 1880 iseum

306 1913 330 1961 1.
347 1909 389 1962 Ad
402 1907 660 1964 EGerneleiensem
671 1911 803 1964 Abbatem
861 1938 872 1949 ·
942 1939 953 1950 ·
1027 1909 1171 1965 Fortunam

303 1995 490 2049 2·Ad···.·
535 2026 545 2037 .
616 2026 626 2037 .
698 2025 709 2036 -
779 2025 790 2036 .
861 2026 872 2037 .
943 2025 954 2036 .
1026 1997 1149 2052 Poteram

303 2085 329 2134 3.
347 2081 388 2135 Ad
402 2081 549 2136 Henricum
560 2083 773 2137 wintoniensem
784 2083 956 2153 Episcopum,

389 2171 422 2223 Δ.
435 2169 463 2224 S.
477 2169 610 2240 legatum
698 2200 708 2210 ·
779 2199 790 2210 ·
861 2199 872 2210 ·
942 2199 954 2211 ·
1024 2170 1160 2234 Quoniam

302 2261 327 2308 4.
345 2255 388 2309 Ad
400 2255 537 2310 Simonem
549 2257 762 2327 wigorniensem
775 2257 938 2328 Episcopum
1022 2257 1168 2329 Compellit

302 2347 327 2395 ὁ.
346 2343 388 2396 Ad
400 2342 565 2398 celestinum
578 2343 681 2414 Papam
777 2372 788 2383 -
859 2373 869 2383 ·
940 2372 951 2383 ·
1022 2343 1138 2399 Fidelis-

303 2432 327 2480 6.
346 2428 388 2482 Ad
411 2429 596 2484 Theobaidum
620 2430 839 2485 Gannsariensem
863 2429 955 2484 Archi-

302 2693 328 2741 8.
345 2689 388 2742 Ad
401 2689 549 2742 Uetredum
562 2687 772 2742 landaviensem
789 2687 952 2759 Episcopum
1023 2688 1168 2743 Dilectioni

302 2779 328 2828 9.
346 2773 390 2828 Ad
401 2775 546 2829 liebertum
559 2773 792 2829 Heresordiensem
806 2775 971 2845 Episcopum
1025 2771 1145 2843 Experta

287 2865 330 2913 10.
348 2860 390 2913 Ad
401 2859 435 2913 R
449 2860 564 2914 Priorem
576 2869 604 2916 et
614 2860 706 2915 fratres
719 2860 876 2914 Malveruire
941 2888 952 2899 ·
1022 2859 1146 2913 Confisus

287 2951 329 3000 11.
348 2945 389 2998 Ad
402 2945 515 3000 Lucium
527 2945 629 3016 Papam
697 2975 707 2986 ·
779 2974 790 2984 ·
861 2973 873 2984 ·
943 2973 955 2984 ·
1024 2944 1140 3006 Quantis

287 3036 327 3084 12.
345 3031 388 3085 Ad
402 3031 553 3085 Hsmonem
565 3030 724 3085 Bordeslein
778 3059 789 3072 -
860 3060 872 3070 ·
944 3059 955 3071 ·
1027 3030 1133 3084 Memor

286 3122 326 3170 1³.
344 3117 385 3170 Ad
396 3117 549 3171 Joeelinum
561 3117 782 3172 Salesbcriensem
796 3117 959 3188 Episcopum
1022 3118 1121 3188 Rogati

287 3208 327 3255 14.
344 3203 386 3256 Ad
396 3203 550 3257 Jooeliuum
562 3203 782 3258 Salesberiensem
795 3202 957 3275 Episcopum
1022 3203 1165 3258 Communi

287 3293 327 3340 15.
346 3288 388 3341 Ad
400 3287 433 3343 B.
447 3287 577 3344 Gemeliss
589 3290 722 3343 Abbatem
779 3318 790 3329 ·
863 3319 873 3328 -
945 3318 956 3329 ·
1025 3290 1083 3344 Viri

286 3379 328 3428 16.
344 3374 387 3428 Ad
397 3375 425 3428 J.
438 3375 594 3444 Apostolieae
607 3375 684 3430 Sedis
695 3375 828 3449 Legatum
940 3404 951 3415 ·
1022 3375 1137 3430 Instanti

287 3466 327 3514 17.
346 3460 388 3514 sd
401 3461 555 3531 Eugenium
568 3461 672 3533 Papam
779 3490 789 3501 ·
860 3489 872 3501 ·
942 3491 953 3502 ·
1024 3461 1059 3514 Id

287 3553 327 3602 18.
345 3547 387 3601 Ad
397 3548 511 3602 eundem

287 3639 327 3688 19.
348 3633 553 3688 sessionnem
564 3635 677 3706 priorem
690 3634 717 3688 S.
730 3633 873 3690 Michaelis
943 3665 953 3674 -
1024 3635 1127 3689 Literss

283 3725 327 3774 2⁰.
345 3720 718 3776 iracundissimum
779 3750 790 3761 -
861 3749 873 3760 ·
943 3749 954 3760 ·
1024 3721 1144 3790 Singulis

214 3823 216 3827 ’
283 3811 327 3862 21.
345 3807 388 3860 Ad
401 3807 548 3862 Uctredum
562 3807 773 3862 landaviensem
791 3806 953 3879 Episcopum
1024 3806 1104 3860 Curre

283 3897 326 3946 22.
344 3893 387 3946 sd
410 3892 593 3948 'l'hcobaldum
618 3893 836 3947 Cantuariensem
860 3893 953 3947 Archi·

389 3979 543 4049 episcopum
609 4007 947 4020 ·····
1018 3977 1156 4048 Rogamus

284 4069 327 4117 23.
346 4063 517 4118 Adcuudem
614 4093 626 4104 ·
696 4095 707 4104 ·
783 4105 785 4108 .
860 4095 871 4104 -
942 4094 952 4104 ·
1023 4063 1066 4117 sd

284 4155 328 4203 24.
346 4150 388 4203 Ad
401 4150 537 4204 Simonem
549 4151 761 4223 wigorniensem
774 4150 935 4222 Episcopum
1022 4149 1105 4203 Vobis

284 4242 325 4290 25.
346 4238 388 4291 Ad
400 4237 553 4308 Eugenium
568 4237 669 4310 Papam
776 4273 786 4284 ·
859 4267 869 4278 -
940 4267 950 4277 -
1021 4235 1102 4299 Quod

283 4329 327 4377 26.
347 4325 389 4379 Ad
402 4325 538 4380 Simonem
549 4326 764 4396 wigorniensem
778 4323 939 4396 Episcopum
1022 4322 1138 4376 Directis
