3225 5192
270 706 340 751 sm.
358 686 556 769 nol-sa]
604 703 846 751 munomnnsrs
859 704 1038 751 arrsronm
1159 690 1226 754 208

269 830 376 889 vestra
390 824 430 889 ad
446 822 612 887 dominum
627 822 886 889 Wintoniensem
906 844 1073 889 emanasse
1091 825 1227 892 manda·

268 934 352 1005 tum,
368 934 406 991 ut
426 946 555 990 causam
574 924 669 990 nobis
689 933 765 991 ante
786 924 977 1010 delegatam,
998 927 1067 1011 ipse
1088 930 1226 994 evocatis

268 1028 414 1114 partibus
429 1036 462 1093 et
476 1028 603 1093 audiret
618 1036 652 1093 et
666 1029 867 1094 terminaret.
901 1028 1013 1095 Quum
1026 1030 1137 1115 itaque
1151 1031 1223 1099 lite-

268 1154 320 1196 ras
342 1138 464 1196 vestras
486 1137 588 1217 snper'
602 1132 664 1197 hoc
685 1132 753 1216 ipse
775 1153 842 1217 prae
862 1131 1013 1196 manibus
1034 1132 1168 1199 baberet
1190 1141 1226 1199 et
1258 1210 1262 1224 Ι

269 1234 464 1313 ostenderet,
487 1256 548 1299 nos
572 1234 742 1319 negotium
764 1234 872 1319 ipsum
896 1256 1085 1319 suspensum
1112 1244 1224 1302 tenere
1334 1232 1344 1250 “

269 1338 462 1416 curavimus,
488 1336 590 1401 donec
615 1337 709 1402 nobis
734 1358 792 1423 per
817 1359 873 1402 vos
899 1337 1026 1423 plenius
1055 1340 1224 1421 elucescat,

269 1462 366 1525 quem
380 1447 529 1505 nostrum
543 1440 595 1503 liti
609 1441 708 1505 finem
723 1440 800 1505 dare
815 1446 952 1524 oportet.
989 1440 1106 1507 Valeat
1121 1441 1223 1508 domi·

269 1564 332 1607 nus
347 1562 438 1607 mens
452 1548 485 1610 et
499 1542 640 1627 poterin
655 1542 785 1607 Christo
800 1542 991 1607 mrlssimus.

431 1846 653 1913 EPISTOLA
675 1845 893 1911 cnm-m
909 1866 1065 1913 ananau.

269 1997 364 2061 Patri
378 2017 433 2060 uto
447 2002 478 2061 et
493 1997 614 2061 domino
628 2018 744 2062 summo
752 1996 897 2081 pontifici
911 1999 952 2062 Α.
959 1997 1071 2083 frater
1087 2000 1125 2064 G.
1139 2000 1222 2064 Lon-

312 2100 467 2165 doniensis
495 2100 628 2163 ecclesie
656 2101 807 2180 minister,
833 2101 968 2165 debitum
993 2103 1167 2167 dilectionis
1191 2109 1222 2167 et

312 2203 489 2269 obedientie
495 2201 695 2284 famulatum.

312 2355 394 2419 Ersr
416 2374 486 2419 rem
508 2354 665 2439 grandem
687 2352 820 2421 dixisset
840 2354 922 2421 mihi
943 2356 1095 2423 dominus
1118 2378 1221 2438 meus,

269 2479 326 2543 per
345 2457 455 2522 omnia
469 2456 599 2542 quidem
618 2458 749 2525 obedire
769 2457 955 2539 debueram,
971 2468 1095 2546 quanto
1109 2462 1226 2545 magis,

268 2583 343 2627 cum
358 2561 422 2626 sibi
437 2583 456 2625 a
469 2582 522 2627 me
536 2567 683 2646 tapetum
697 2562 818 2647 pedum
832 2562 955 2629 humile
975 2563 1222 2629 substratorium

269 2665 357 2733 mitti
378 2664 587 2729 mandaverit.
633 2665 735 2731 Mitto
753 2668 864 2750 itaque
883 2686 980 2750 super
998 2688 1063 2750 qno
1085 2667 1222 2751 scripsit,

269 2790 337 2835 non
350 2776 462 2835 tamen
476 2769 571 2853 quale
586 2769 755 2853 descripsit
775 2776 882 2836 vestra
900 2769 1091 2849 sublimitas,
1106 2777 1222 2854 optans

270 2880 307 2937 ut
322 2894 441 2937 munus
455 2872 607 2956 exiguum
623 2872 784 2939 mittentis
799 2874 933 2939 affectos
948 2874 1130 2958 amplificet,
1146 2874 1223 2939 etsi

270 2976 360 3041 deest
373 2974 487 3041 formae
505 2976 699 3055 rotunditas,
714 2976 749 3041 id
764 2998 838 3061 qum
856 2997 954 3061 penes
972 2998 1032 3041 nos
1052 2984 1102 3043 est
1120 2998 1222 3061 penu-

269 3080 319 3148 ria
332 3079 462 3145 attilius
476 3079 542 3145 tale
558 3080 636 3163 quid
654 3080 689 3145 in
709 3080 797 3145 hunc
817 3081 950 3147 modum
965 3086 1077 3165 aptare
1091 3081 1223 3147 montis

271 3189 409 3249 excusa.
453 3182 533 3247 Non
550 3183 638 3249 enim
655 3183 842 3249 conduntur
856 3184 943 3268 apud
955 3206 1016 3251 nos
1029 3190 1150 3269 tapeta,
1166 3184 1223 3251 sed

270 3308 291 3350 s
303 3285 526 3351 transmarinis
541 3287 687 3371 partibus
702 3287 916 3354 advehuntur.
961 3287 1089 3355 Quibus
1102 3289 1139 3353 in
1152 3294 1223 3355 tota

271 3390 398 3455 civitate
426 3395 538 3455 nostra
567 3389 716 3474 diligenti
745 3392 901 3457 semtinio
925 3390 1110 3476 perspectis,
1135 3393 1223 3477 qnod

270 3493 386 3559 melius
400 3492 543 3557 mvenbe
556 3494 657 3576 potui,
670 3492 797 3559 dilectae
807 3494 889 3559 mihi
903 3495 940 3560 in
951 3496 1093 3561 Domino
1104 3496 1222 3561 sancti-

270 3597 332 3662 tati
346 3602 461 3663 vestrae
474 3597 705 3676 transmittere,
722 3598 826 3663 multa
843 3598 963 3665 mentis
982 3598 1148 3665 alacritate
1166 3620 1222 3664 cn·

270 3699 346 3765 ravi.
391 3698 491 3765 Muro
506 3720 564 3763 suo
578 3699 823 3785 inexpugnabili
837 3701 1069 3785 circumcingat
1082 3722 1138 3767 ros
1155 3702 1222 3767 Do·

271 3803 388 3883 minus,
412 3808 446 3867 et
472 3802 570 3867 umis
595 3822 662 3869 sua
686 3804 842 3888 potentiae
865 3810 1016 3890 protegat
1039 3826 1165 3891 semper
1187 3804 1222 3869 in

271 3907 401 3973 Christo
415 3906 531 3971 dilecta
545 3912 645 3992 pater.
