3225 5192
395 672 461 736 278
712 682 871 728 emeram
886 681 1031 726 remcort

394 806 469 872 lesti
506 804 631 884 serviat,
662 803 739 868 binc
767 809 899 867 terreno
927 801 1067 886 principi
1096 800 1185 886 quod
1220 801 1262 865 ad
1296 822 1351 866 eos

397 913 520 993 spectet
544 906 704 986 exhibeat,
728 906 863 990 ejusque
885 905 1051 970 ministros
1076 905 1174 970 efficit
1199 912 1351 989 potestas,

396 1012 473 1075 binc
495 1031 515 1074 a
536 1011 607 1074 Deo
629 1010 747 1074 collata
767 1009 946 1093 pontifices,
965 1008 1044 1073 hinc
1066 1030 1086 1072 a
1106 1029 1184 1091 rege
1205 1016 1353 1092 suscepta

397 1113 540 1192 comites,
564 1119 621 1176 aut
642 1112 790 1177 barones.
836 1111 985 1176 Potestas
1005 1111 1076 1175 haee
1096 1117 1157 1190 est,
1177 1133 1242 1195 qua
1262 1133 1352 1195 mag·

398 1236 479 1278 num
498 1214 534 1277 in
553 1212 672 1296 palatio
687 1211 814 1277 obtinet
834 1212 967 1278 ecclesia
983 1211 1211 1297 principatum,
1226 1215 1351 1278 cumin

399 1316 550 1382 omnibus
569 1316 661 1399 regni
678 1313 818 1401 judiciis,
838 1322 1052 1400 praeterquam
1074 1316 1103 1380 si
1124 1315 1165 1380 de
1181 1316 1255 1383 vitre
1268 1317 1352 1401 peri-

399 1419 473 1484 culo
486 1425 645 1484 tractetur
660 1425 716 1484 aut
732 1418 900 1500 sanguine,
918 1418 1026 1482 locum
1045 1417 1164 1483 habeat
1183 1418 1254 1503 ipsa
1271 1441 1352 1504 pm·

400 1522 545 1606 cipuum:
561 1521 630 1586 baec
644 1520 713 1604 regi
728 1541 787 1584 uos
798 1519 930 1602 obliget,
940 1527 979 1583 ιιι
990 1521 1162 1599 affirmant,
1172 1527 1212 1585 ut
1226 1520 1268 1584 ab
1282 1521 1353 1605 ipso

400 1625 492 1692 citati
507 1624 680 1690 debeamus
700 1623 858 1702 assistere,
873 1630 908 1687 et
927 1623 1130 1706 singulorum
1148 1645 1262 1689 causas
1281 1625 1354 1688 uni·

400 1728 484 1793 versi
499 1727 666 1805 dmcutere,
682 1733 715 1791 et
726 1727 881 1809 judicare.
926 1727 1015 1790 Nam
1030 1727 1085 1810 qui
1103 1727 1141 1790 in
1159 1727 1298 1811 hisquae
1312 1729 1354 1793 ad

402 1833 511 1897 Deum
531 1837 609 1896 sunt
628 1829 731 1915 gradu
747 1829 886 1913 quodam
903 1829 1161 1913 distinguuntur,
1175 1837 1213 1894 ut
1232 1832 1353 1916 superi·

403 1957 473 2000 ores
489 1934 629 2019 quidam,
645 1932 811 1997 inferiores
833 1931 888 1996 ulii
907 1939 1106 2015 reputemur,
1121 1939 1156 1996 et
1169 1932 1280 2012 simun
1295 1954 1354 1997 nos

403 2037 437 2100 in
460 2038 521 2100 boc
543 2057 635 2120 pares
657 2035 830 2113 aestimaut,
844 2040 884 2098 ut
898 2033 925 2097 si
939 2034 981 2098 de
994 2034 1104 2098 fisndis
1126 2034 1168 2099 ad
1188 2035 1353 2100 welesiam

403 2139 552 2204 libertate
567 2137 655 2220 regia
670 2137 839 2215 devolutis,
852 2136 941 2201 inter
960 2158 1020 2202 uos
1042 2143 1100 2201 aut
1120 2137 1158 2201 in
1178 2160 1238 2204 nos
1257 2139 1354 2204 fuerit

404 2242 518 2308 oborta
532 2239 708 2319 eontentio,
724 2239 810 2323 apud
832 2261 942 2323 regem
965 2261 1037 2324 quse
1058 2247 1206 2324 spectant
1226 2241 1270 2306 ad
1290 2242 1354 2306 sin·

405 2344 497 2428 gulos
521 2343 743 2408 universorum
767 2342 902 2408 definiat
924 2343 1157 2426 pronuntiatio.
1201 2345 1273 2409 Nec
1294 2345 1353 2408 mi-
1464 2418 1468 2422 Α

404 2469 488 2526 rum
513 2447 540 2510 si
568 2453 693 2530 patrem
718 2451 830 2509 teneat
856 2467 876 2510 a
899 2446 967 2511 filio
995 2446 1063 2510 lata
1086 2448 1258 2527 sententia,
1281 2469 1355 2512 cum

406 2551 513 2635 ipsum
537 2549 592 2634 qui
617 2555 666 2614 est
690 2548 775 2612 filius
800 2548 976 2632 patrissui
999 2549 1259 2614 dominnmfore
1282 2571 1355 2614 oon·

406 2655 514 2718 vincet
542 2652 625 2717 ratio
654 2651 836 2730 manifesta,
866 2658 901 2716 et
938 2672 1012 2715 cum
1047 2652 1193 2718 hominio
1221 2654 1356 2718 fidelitas

407 2761 590 2821 reverenter
619 2754 771 2818 exhibita.
817 2754 901 2818 Cum
924 2754 967 2818 sit
989 2775 1067 2838 ergo
1091 2776 1111 2819 a
1132 2757 1205 2820 Deo
1230 2758 1358 2840 gemina

407 2866 559 2943 potestas,
589 2857 666 2922 hinc
695 2856 910 2935 sacerdotalis,
939 2857 1017 2922 binc
1052 2858 1151 2941 regia,
1183 2866 1357 2944 utrumque

409 2963 586 3028 secuudum
611 2961 688 3045 quid
711 2981 847 3044 praeesse
870 2961 973 3039 alteri,
997 2969 1033 3026 et
1055 2960 1096 3026 ab
1120 2963 1221 3026 altera
1245 2984 1358 3028 secun·

409 3066 488 3130 dum
512 3064 589 3149 quid
617 3083 710 3147 posse
734 3063 884 3148 judicari,
909 3071 1039 3147 patrum
1068 3065 1261 3130 auctoritate
1283 3088 1357 3132 oon-

408 3168 552 3244 firmant,
571 3172 609 3229 ut
631 3166 674 3230 sit
695 3187 810 3249 regum
833 3173 866 3230 et
887 3166 1061 3250 praesulum
1084 3167 1270 3234 vicissitudo
1291 3170 1360 3234 hnc

410 3291 475 3354 qua
498 3290 531 3334 se
554 3269 693 3334 vicissim
712 3268 871 3352 judicant,
898 3276 931 3334 et
951 3269 1141 3354 judicantur
1162 3294 1182 3335 a
1207 3293 1252 3351 se,
1276 3273 1359 3337 sorte

410 3373 572 3458 quoddam
587 3372 730 3438 caritatis
752 3373 926 3451 vinculum,
948 3374 1136 3439 reverentiae
1154 3374 1310 3454 debitum,
1326 3383 1358 3440 et

409 3478 523 3561 utique
552 3475 756 3540 necessitudo
781 3477 928 3559 quasdam
956 3477 1182 3542 conservandae
1206 3479 1293 3562 pacis
1319 3478 1361 3542 ad

410 3579 548 3642 aiterum
557 3602 568 3654 3
588 3577 657 3640 hoec
677 3583 710 3640 et
730 3576 781 3640 his
796 3577 912 3642 altiora
925 3577 1130 3642 considerans
1144 3601 1254 3663 regem
1270 3582 1360 3664 quasi

409 3679 655 3765 precellentem,
681 3685 777 3762 prout
805 3687 917 3743 monet
942 3681 1114 3764 apostolus,
1138 3682 1303 3746 honoratis
1328 3691 1361 3746 et

410 3783 480 3867 ejus
495 3780 636 3866 parendo
651 3779 821 3846 sententiae
834 3788 922 3846 recte
933 3783 1076 3865 judicem
1091 3784 1275 3867 agnovistis,
1287 3783 1362 3848 sibi-

411 3905 474 3968 que
496 3882 651 3948 servaudo
673 3883 761 3968 quod
782 3905 878 3947 suum
900 3891 959 3964 est,
979 3885 1085 3969 ipsum
1105 3885 1141 3950 in
1159 3885 1211 3949 bis
1231 3907 1303 3970 quae
1321 3885 1362 3950 ud

412 3987 519 4052 Deum
549 3992 626 4050 sunt
655 3993 768 4050 vestrae
796 4008 908 4070 parere
937 3986 1104 4052 sublimati
1127 3987 1306 4071 prudenter
1329 3995 1363 4053 et

411 4089 541 4174 provide
559 4088 738 4152 monuistis.
785 4088 885 4154 Omni
899 4090 1051 4154 humanae
1064 4098 1220 4155 creaturae
1233 4099 1364 4175 propter

412 4193 520 4258 Deum
536 4197 647 4256 sancte
661 4213 695 4254 se
710 4191 873 4257 submittit
888 4192 1063 4273 humilitus,
1079 4201 1113 4258 et
1127 4216 1192 4277 quo
1206 4217 1241 4259 se
1255 4194 1364 4280 chicit

413 4295 555 4374 inferius,
572 4317 610 4359 eo
626 4295 720 4378 juxta
740 4295 871 4360 verbum
893 4297 1025 4361 Domini
1048 4305 1192 4363 meretur
1211 4299 1311 4362 altius
1332 4307 1365 4362 et
