3225 5192
586 296 626 360 ‚¹⁴⁸

265 628 342 707 sn.
361 646 557 729 1161-89.]
610 668 860 710 nosnosmnsrs
878 630 1054 712 srrsroara.
1139 604 1227 712 '217

277 783 345 864 ejus
368 782 498 845 nomine
517 784 585 867 jam
608 804 667 847 nec
690 784 805 867 viginti
826 806 887 848 nec
910 785 1154 868 quinquaginta,
1169 806 1230 848 nec

277 880 398 963 aliquid
408 878 540 945 omnino
552 881 612 945 sibi
624 881 773 960 soliatnr,
785 883 916 967 petebat
927 884 1093 948 ecelesiam
1104 883 1165 947 sibi
1179 904 1229 946 re-

277 984 377 1061 stitui,
387 991 420 1048 et
431 984 612 1068 apostolicae
621 985 791 1050 sententias
802 986 1014 1050 reverentiam
1024 986 1166 1050 debitam
1176 1008 1229 1049 ex·

278 1086 390 1150 hiberi.
414 1087 577 1151 Walterus
587 1072 660 1178 iero
671 1108 722 1151 res
733 1088 820 1152 inter
832 1090 909 1152 alios
921 1096 1009 1153 actas
1018 1097 1050 1153 et
1059 1089 1229 1174 judicatas,
1282 1087 1289 1102 ⁸

278 1189 347 1253 aliis
362 1212 423 1255 nec
438 1190 548 1254 obesse
564 1212 624 1253 uec
637 1191 786 1273 prodesse
802 1191 920 1257 debere
935 1214 1089 1271 asserens,
1108 1215 1143 1257 se
1161 1194 1230 1277 jam

279 1292 397 1356 dictam
418 1292 582 1357 ecclesiam
601 1294 754 1357 canonice
775 1293 938 1378 adeptum,
954 1316 1052 1377 seque
1072 1316 1092 1357 a
1110 1293 1230 1377 praede·

281 1416 403 1459 cessere
419 1402 529 1459 nostro
543 1396 636 1459 bonae
650 1397 813 1461 memoriae
828 1397 971 1461 Roberto
986 1398 1143 1481 episcopo,
1155 1405 1232 1461 ante
1321 1437 1325 1446 ·

280 1498 346 1561 litis
361 1506 546 1562 memoratae
561 1506 716 1582 tempora,
731 1500 765 1561 in
782 1520 821 1562 ea
833 1521 1003 1583 personam
1018 1500 1232 1565 constitutum

280 1598 378 1661 fuisse
407 1598 582 1681 respondit.
640 1596 790 1681 Cumque
820 1599 1024 1682 postmodum
1052 1600 1089 1661 in
1119 1598 1234 1663 Galliis

281 1700 461 1765 studiorum
484 1722 581 1765 eausa
603 1701 833 1779 demoraretur,
849 1702 875 1765 si
897 1704 985 1766 inter
1004 1700 1176 1766 Ricardum
1200 1707 1234 1764 et

282 1803 388 1869 Adam
411 1806 457 1867 rei
482 1826 547 1869 suae
570 1810 809 1887 procuratorem
834 1805 903 1889 ipso
927 1804 1060 1869 absente
1083 1811 1117 1869 et
1141 1804 1235 1888 igno·

283 1920 383 1985 rante,
411 1929 507 1991 super
533 1908 666 1971 ecelesia
691 1929 749 1971 sua
778 1908 818 1972 lis
844 1908 977 1972 actitata
1002 1916 1035 1973 et
1060 1908 1235 1972 transactio

283 2010 471 2093 interposita
490 2019 549 2089 est,
570 2011 671 2094 ipsam
693 2010 820 2075 absenti
839 2010 900 2075 sibi
920 2018 953 2075 et
972 2012 1134 2094 ignoranti
1154 2032 1234 2095 prae-

281 2113 438 2197 judieium
453 2114 566 2178 afferre
580 2135 646 2177 non
662 2135 763 2198 posse,
784 2114 944 2179 notissimi
960 2114 1042 2198 juris
1063 2135 1132 2178 esse
1152 2135 1235 2178 asse·

284 2217 360 2281 ruit.
406 2216 472 2282 Qui
490 2238 635 2281 reversus
656 2240 676 2281 a
696 2218 821 2295 studiis,
837 2225 871 2282 et
890 2218 926 2281 in
946 2218 1074 2301 propria
1093 2217 1234 2295 veniens,

286 2320 449 2385 ecclesiam
466 2342 561 2402 quam
582 2320 726 2403 legitime
746 2328 861 2385 nactus
881 2329 940 2399 est,
957 2322 1031 2404 jure
1051 2342 1110 2385 suo
1128 2340 1235 2403 posse-

286 2424 343 2500 dit,
365 2444 425 2487 neo
444 2424 607 2507 pactiones
629 2424 708 2487 Adae
731 2446 826 2507 super
845 2446 880 2487 re
900 2446 959 2488 sua
976 2424 1047 2507 ipso
1066 2424 1237 2506 ignorante

286 2527 382 2591 initas
408 2535 464 2591 aut
487 2536 573 2590 ratas
599 2526 722 2606 habuit,
748 2536 805 2591 aut
830 2535 917 2590 ratas
941 2526 1060 2590 habere
1084 2525 1235 2609 disponit.

286 2630 439 2695 Volentes
455 2652 528 2694 vero
539 2631 592 2713 jus
609 2630 747 2709 Ricardi,
764 2631 791 2693 si
807 2630 891 2713 quod
907 2638 986 2708 erat,
1002 2628 1127 2713 plenius
1141 2627 1237 2700 intel-

286 2735 394 2817 ligere,
410 2735 569 2817 quiscum
589 2734 622 2797 in
641 2735 708 2819 jam
725 2735 813 2799 dicta
826 2734 960 2798 ecclesia
973 2754 1145 2816 personam
1160 2752 1236 2795 con·

287 2839 438 2915 stituerit,
457 2838 629 2921 diligenter
647 2838 881 2921 inquisivimus.
928 2839 1003 2921 Ipse
1022 2857 1097 2900 vero
1117 2834 1237 2918 praede-

287 2964 442 3007 cessorem
463 2949 610 3005 nostrum
631 2942 798 3006 dominum
818 2942 994 3007 Ricardum
1013 2941 1171 3005 seniorem
1187 2961 1238 3004 ec-

287 3046 414 3109 clesiam
430 3045 514 3109 hanc
529 3044 589 3109 sibi
605 3046 797 3109 concessisse
812 3045 1018 3129 respondens,
1034 3042 1161 3128 scriptis
1182 3051 1239 3106 aut

289 3148 434 3225 testibus,
454 3155 511 3212 ant
533 3148 602 3212 aliis
626 3148 881 3232 quibuscumque
903 3147 1117 3212 amminiculis
1139 3167 1239 3211 asser-

287 3254 368 3319 tioni
386 3253 462 3317 huie
477 3254 573 3317 fidem
588 3253 702 3332 facere,
721 3275 782 3317 nec
800 3262 881 3318 tnnc
896 3254 1027 3337 quidem
1045 3252 1162 3336 potuit,
1178 3272 1239 3316 nec

288 3356 328 3421 de
347 3365 461 3421 caetero
483 3378 517 3420 se
538 3356 700 3421 facturum
722 3357 912 3440 repromisit.
959 3355 1138 3439 Inquisitus
1153 3375 1238 3432 vero,

288 3481 330 3523 an
344 3459 406 3523 hoc
420 3458 554 3541 probare
569 3458 737 3537 sufficeret,
752 3459 859 3524 Adam
878 3459 997 3524 scilicet
1016 3466 1162 3542 tempore
1176 3478 1239 3541 quo

288 3583 361 3625 eum
380 3564 449 3645 ipso
468 3562 626 3645 transegit
646 3562 811 3627 eeclesiam
830 3564 933 3647 ipsam
948 3584 1007 3627 suo
1021 3561 1152 3625 nomine
1167 3581 1239 3644 pos-

288 3664 415 3740 sedisse,
433 3672 489 3729 aut
504 3666 686 3729 Walterum
702 3667 788 3749 quod
807 3667 894 3731 inter
912 3667 997 3750 ipsos
1020 3672 1148 3749 gestum
1170 3663 1239 3727 fue-

287 3777 337 3832 rat
353 3776 460 3833 ratum
475 3769 678 3851 postmodum
696 3770 856 3848 habuisse,
871 3771 986 3833 borum
1007 3768 1105 3832 etiam
1125 3765 1239 3850 proba-

288 3872 377 3935 tione
388 3871 520 3935 omnino
536 3892 569 3934 se
584 3892 692 3935 carere
708 3872 880 3955 respondit.
908 3872 1005 3935 Unde
1020 3891 1094 3933 cum
1110 3890 1240 3933 causam

289 3974 357 4057 ejus
382 3973 517 4037 veritate
542 3973 604 4036 niti
629 3995 695 4039 non
722 3975 867 4057 liqueret,
893 3972 1103 4037 reverentiam
1128 3978 1240 4035 tamen

290 4076 432 4139 debitam
454 4075 576 4139 domini
597 4096 687 4160 papae
707 4076 807 4140 literis
827 4076 1024 4153 exhibentes,
1039 4076 1093 4137 W.
1110 4073 1150 4137 ab
1171 4073 1241 4155 ejus

291 4178 450 4243 decisione
471 4201 536 4243 non
558 4178 760 4256 absolvimus,
777 4180 833 4242 sed
852 4200 921 4244 rem
940 4180 976 4242 in
997 4178 1082 4241 diem
1102 4176 1239 4239 alterum

292 4302 354 4363 quo
370 4280 431 4345 sibi
447 4281 603 4345 Ricardus
625 4282 788 4365 providere
808 4290 914 4366 posset
935 4280 1074 4357 uberius,
1091 4278 1240 4341 differen-
