3225 5192
404 695 448 757 80
651 710 813 755 orionem
830 710 948 757 rumor
962 711 1109 758 inerms

403 828 580 907 honoretis,
596 832 629 892 et
649 848 709 892 nos
730 827 758 891 si
777 826 855 910 quid
872 848 1053 912 possumus,
1069 828 1182 911 gratiss
1197 827 1357 894 debitores

404 930 560 997 habentis.
605 930 730 996 Volete.

558 1215 781 1280 EPIS'POLA
806 1214 1029 1280 LXIII.—s1›
1045 1236 1201 1280 eunoun.

405 1370 500 1432 Patri
519 1388 573 1433 ouo
595 1376 626 1433 et
649 1369 1061 1433 dommuccensem
1082 1370 1144 1434 Dei
1162 1371 1270 1453 qratia
1291 1371 1354 1450 epi-

446 1492 547 1555 seopo,
562 1470 674 1554 frater
693 1475 731 1536 G.
747 1473 880 1536 ecclesie
900 1472 982 1536 denti
1005 1473 1096 1536 Petri
1119 1473 1221 1537 dicim
1249 1473 1354 1552 obbas,

440 1577 606 1657 poenitenti
619 1576 740 1639 veniam
755 1596 817 1640 non
830 1596 953 1658 ocyore.

447 1725 468 1789 J
471 1748 571 1791 noros
588 1728 625 1791 in
643 1727 772 1793 exordio
792 1728 949 1792 sermonis
968 1728 1019 1791 sui
1037 1734 1203 1792 uccusutor
1222 1734 1272 1792 est
1294 1729 1354 1792 sui.

401 1829 487 1897 Quia
514 1850 592 1913 ergo
616 1831 753 1915 justitiae
782 1830 976 1895 conformari
1004 1830 1160 1911 desidero,
1190 1831 1352 1915 meipsum

402 1932 548 2016 inprimis
564 1954 674 2017 urguo.
720 1923 891 2000 Quantum
905 1934 993 1999 enim
1007 1934 1070 1998 fuit
1088 1935 1125 1998 in
1138 1956 1191 1997 me
1206 1935 1354 2019 majestu-

402 2041 470 2099 tem
480 2042 619 2099 vestrum
631 2042 664 2101 et
677 2036 835 2101 honorem
848 2058 959 2101 meum
972 2038 1009 2100 in
1022 2045 1114 2121 purte
1125 2036 1238 2115 minui,
1254 2058 1355 2120 quum

402 2139 584 2204 occurrenti
609 2139 689 2203 mihi
711 2139 889 2204 humilitati
905 2148 1020 2205 vestrae
1045 2148 1079 2205 et
1102 2140 1354 2219 mansuetudini,

402 2242 552 2325 amplexu
572 2242 754 2325 gratissimo
773 2249 807 2307 et
827 2243 922 2307 corde
939 2243 1123 2308 humillimo
1137 2264 1204 2307 nou
1219 2242 1353 2307 occurri.

402 2344 470 2409 Gur
486 2350 598 2409 tomen
619 2346 853 2429 supersederim
874 2346 901 2410 si
915 2353 1021 2411 vestro
1040 2346 1121 2411 mihi
1140 2346 1271 2411 duretur
1289 2345 1355 2409 frui

402 2447 551 2530 alloquio,
573 2447 641 2533 ipse
664 2448 800 2513 diceudo
823 2470 921 2533 quom
943 2449 1113 2514 scribendo
1137 2448 1252 2513 melius
1277 2449 1353 2512 inti·

402 2572 535 2615 merem.
582 2551 618 2615 Si
647 2574 718 2637 quse
744 2573 821 2636 ergo
848 2553 993 2637 pristinae
1017 2553 1160 2618 caritatis
1189 2574 1266 2635 erge
1294 2573 1353 2618 nos

401 2662 575 2737 supersunt
591 2677 822 2740 usquequaque
835 2656 988 2741 reliquiae,
1003 2657 1031 2720 si
1049 2659 1144 2741 juxto
1162 2655 1353 2719 mandatum

401 2758 536 2823 Domini
556 2758 730 2844 poenitenti
752 2768 866 2845 pectus
887 2760 1065 2844 episcopale
1090 2781 1159 2825 nou
1181 2758 1352 2837 clauditur,

400 2882 514 2946 precor
527 2868 564 2926 ut
581 2863 618 2926 iu
636 2864 782 2947 proximo
803 2885 903 2947 quum
922 2863 986 2927 iter
1000 2884 1109 2928 meum
1124 2862 1166 2927 ed
1185 2861 1353 2926 dominum

401 2966 673 3051 archiepiscopum
684 2966 851 3049 dirigetur,
861 2966 959 3030 vestri
969 2966 1050 3029 mihi
1058 2965 1208 3050 colloquii
1218 2964 1352 3030 focidtss

399 3089 468 3131 non
494 3076 641 3151 negetur.
687 3068 773 3136 Quia
795 3089 871 3133 vero
896 3068 1004 3132 locum
1029 3069 1178 3151 diemque
1203 3066 1354 3152 colloquii

399 3169 488 3233 vobis
506 3170 680 3235 statuendo
702 3192 805 3254 nuper
820 3170 951 3249 excessi,
966 3170 1169 3253 praesumtive
1190 3190 1265 3233 reus
1284 3191 1354 3234 non

398 3270 433 3334 id
448 3272 585 3355 emplius
600 3293 671 3355 ugo,
682 3273 739 3337 sed
749 3280 863 3337 vestroe
877 3279 985 3336 totum
999 3271 1160 3336 voluntati
1171 3272 1352 3337 committo.

401 3373 489 3440 Quid
509 3396 606 3459 super
623 3376 686 3440 hoc
702 3384 809 3441 vestro
828 3376 939 3440 sedeat
958 3375 1101 3453 arbitrio,
1116 3395 1210 3458 parce
1227 3396 1353 3440 memor

399 3476 530 3555 irarum,
558 3480 585 3543 si
610 3480 726 3563 placet,
753 3480 834 3544 mihi
858 3479 1051 3544 rescribatis.
1095 3478 1253 3542 Triduum
1277 3499 1352 3543 vero

398 3587 573 3664 antequam
590 3603 645 3647 vos
663 3582 705 3647 ad
726 3583 834 3647 locum
852 3582 1050 3647 destinatum
1067 3581 1175 3645 venire
1194 3586 1350 3665 oportent,

399 3684 553 3748 nuntium
570 3684 658 3762 item„
665 3707 775 3750 meum
792 3686 963 3751 habebitis.
1010 3685 1106 3751 Quod
1126 3686 1152 3749 si
1166 3684 1351 3749 Abendune

398 3786 447 3849 vel
472 3786 628 3871 Rediugis
649 3790 755 3854 locum
779 3790 943 3870 dederitis,
959 3812 1031 3855 mco
1049 3790 1226 3876 plurimum
1248 3789 1350 3853 lebori

396 3892 541 3976 parcetis
588 3893 712 3959 Velete.
