3225 5192
343 654 405 713 152
653 669 813 712 orassem
833 670 983 715 errsccar
1055 674 1059 679 ·

508 1001 728 1067 EPIS'POLA
750 1002 964 1066 cum-sn
981 1023 1135 1067 ruunsu.

239 1197 244 1212 s
342 1154 436 1217 Patri
449 1174 505 1216 suo
520 1159 550 1217 cl
565 1154 686 1217 domim
695 1152 840 1234 pontifici
854 1154 895 1215 Α.
902 1150 1012 1234 frater
1025 1156 1064 1217 G.
1076 1154 1296 1236 Hercscrdicu·

384 1258 429 1319 sta
450 1258 583 1320 ecclesio
596 1257 746 1334 minuta,
761 1256 896 1319 debiturn
911 1257 1097 1320 maditatis
1110 1263 1142 1321 et
1155 1256 1295 1321 obedien·

387 1359 643 1442 tensamentum.

387 1511 494 1575 Quou
516 1516 639 1593 spectat
659 1509 700 1573 ad
715 1508 860 1593 judicem
880 1510 1082 1593 singulorum
1097 1530 1210 1575 causas
1224 1510 1295 1575 dili-

343 1620 458 1696 genter
475 1612 651 1689 stteudere,
668 1612 836 1695 specialius
854 1618 964 1675 tamen
984 1612 1190 1677 attendendae
1208 1622 1295 1691 sunt,

343 1736 414 1799 quse
433 1716 468 1778 in
489 1715 629 1778 filiorum
647 1714 868 1778 innocentiam
885 1714 947 1777 sub
965 1715 1175 1779 annotatione
1189 1716 1295 1779 crimi-

342 1818 393 1881 nis
407 1817 633 1880 intenduntur.
673 1817 825 1881 Funestae
839 1836 980 1903 namque
995 1838 1086 1881 voces
1101 1824 1134 1880 et
1148 1817 1296 1881 clamosae

341 1919 576 2003 praecludeudae
590 1926 667 1982 suut
682 1918 741 1998 his,
759 1920 815 2001 qui
829 1919 929 1983 vitam
944 1920 1167 1983 innocentium
1189 1940 1295 2003 perse-

342 2028 477 2104 quentes
498 2030 531 2085 et
551 2022 680 2099 famam,
698 2043 834 2104 quorum
849 2044 918 2086 nou
931 2022 1070 2105 probant
1084 2023 1222 2107 culpam,
1237 2022 1295 2086 bos

341 2132 452 2189 tamen
466 2124 623 2188 invidiosa
634 2124 758 2188 malitia
769 2125 897 2189 trahere
907 2126 1088 2189 moliuntur
1099 2126 1140 2188 ad
1154 2147 1294 2208 poeuam.

342 2229 456 2292 Causae
477 2227 604 2310 quidem
626 2228 695 2313 ejus
718 2250 790 2312 quae
812 2229 899 2293 inter
917 2228 1099 2293 Osbertum.
1113 2229 1295 2293 Eboracen·

341 2354 409 2395 sem
432 2332 703 2409 archidiaconum,
719 2338 752 2394 et
777 2332 810 2417 S.
831 2332 984 2395 clericum
1006 2332 1144 2395 vertituu
1164 2332 1294 2395 initium

341 2434 520 2523 prosecutio
545 2441 578 2499 et
604 2434 688 2512 finis,
715 2435 928 2518 appellatione
942 2432 1009 2498 ille'
1033 2424 1206 2519 suspensus
1235 2443 1294 2512 est,

342 2559 436 2620 quem
463 2559 502 2602 ex
530 2538 631 2601 literis
657 2538 756 2621 legati
782 2538 881 2602 vestri
906 2536 1029 2602 domini
1053 2538 1295 2601 Cantuariensis

341 2640 578 2725 archiepiscopi,
603 2641 700 2723 plena
723 2648 830 2725 potest
853 2641 996 2705 veritatis
1018 2642 1091 2705 luce
1114 2640 1295 2705 sublimitas

339 2752 446 2808 vestra
460 2754 661 2827 cognoscere.
701 2744 771 2807 Has
786 2744 917 2827 quidem
933 2752 966 2807 et
981 2744 1153 2828 diligenter
1167 2743 1294 2827 inspex-

340 2852 435 2930 imus,
451 2858 484 2916 et
499 2874 611 2915 omnes
626 2873 729 2916 causae
743 2852 844 2935 ipsius
859 2853 1010 2916 articulos
1023 2853 1059 2915 in
1074 2872 1149 2915 eum
1169 2872 1294 2935 proces·

341 2955 417 3019 sisse
439 2955 581 3034 modum,
603 2976 666 3038 quo
688 2955 788 3018 literis
811 2955 1024 3039 designantur
1044 2955 1176 3033 eisdem,
1198 2955 1295 3037 plane

338 3059 559 3122 testificamur.
621 3058 654 3122 S.
685 3060 772 3123 cuim
807 3059 997 3141 predictum
1033 3058 1292 3123 archidiaconum

340 3182 436 3243 super
451 3168 553 3225 morte
569 3160 732 3225 Willclmo
748 3162 985 3245 archiepiscopo
1004 3183 1130 3227 veneno
1149 3169 1187 3225 ut
1208 3160 1292 3225 dice·

339 3262 396 3327 bat
422 3262 521 3341 illata,
545 3256 795 3345 et‘quibusdam
818 3264 1007 3329 criminibus
1030 3264 1101 3329 aliis
1123 3249 1292 3348 impetens,

340 3368 374 3429 in
398 3365 503 3449 ipsum
526 3366 690 3431 vinculum
714 3366 932 3451 inscriptionis
958 3368 1107 3451 arripere,
1130 3375 1292 3431 eteorum

336 3468 445 3553 judice
472 3469 684 3534 ecclesiastico
708 3490 802 3553 egere
832 3470 1011 3535 recusabat.
1057 3470 1232 3554 Quumque
1258 3472 1292 3534 in

339 3578 432 3636 tauta
454 3570 663 3636 multitudine
684 3580 856 3656 pareutum
880 3579 914 3637 et
937 3574 1114 3637 amicorum
1127 3574 1292 3657 archiepi-

340 3674 426 3757 scopi
444 3673 588 3738 defuncti
609 3675 695 3738 solus
714 3674 782 3759 ipsc
802 3682 913 3754 staret,
928 3682 962 3741 et
981 3676 1080 3740 nullis
1098 3677 1183 3742 fulta
1200 3677 1291 3741 testi-

340 3776 456 3840 moniis
478 3775 577 3840 rerba
601 3776 761 3856 funderet,
788 3778 943 3842 laminam
966 3778 1134 3843 candentis
1156 3778 1234 3843 ferri
1256 3779 1291 3843 in

339 3880 529 3965 pradictum
551 3880 823 3965 archiepiscopum
848 3902 887 3946 eo
909 3881 1014 3946 tutius
1039 3882 1204 3961 offerebat,
1228 3904 1292 3965 quo

338 3983 471 4049 ecclesia
490 3982 553 4047 Dei
573 3982 795 4071 probationem
819 3984 1006 4068 hujusmodi
1028 3986 1217 4050 nullatenus
1236 3985 1290 4049 ad·

339 4087 507 4151 missuram
535 4086 734 4151 attendebat.
779 4088 957 4172 Ipsumque
982 4088 1023 4153 ad
1048 4088 1134 4171 regis
1159 4088 1291 4152 audien-

313 4190 418 4257 ·tiam
448 4212 485 4255 eo
511 4188 724 4281 confidentius
751 4190 953 4273 provocabat,
979 4213 1043 4275 quo
1069 4189 1292 4275 adjudicium

339 4294 399 4357 hoc
429 4293 514 4377 apud
543 4293 685 4357 cinctum
709 4293 850 4377 judicem
877 4294 916 4358 de
939 4296 1012 4379 jure
1038 4294 1199 4359 celebrare
1223 4314 1291 4358 non
