3225 5192
281 700 349 743 un.
369 679 566 764 uss-61]
614 699 911 746 anausonnussis
927 703 1105 749 missenus.
1174 686 1236 751 195

279 812 397 881 amoris
411 822 636 899 angmentum,
653 817 681 881 si
700 838 777 902 erga
790 840 847 884 vos
860 820 973 903 angeri
991 822 1102 905 possit,
1116 828 1153 887 et
1165 842 1234 887 om-

277 917 371 981 nium
395 917 555 983 baronum
580 938 728 983 meorum
753 922 995 1004 consequnturi.
1039 921 1093 987 Ibi
1116 922 1235 1007 quippe

277 1042 379 1104 quum
400 1028 541 1105 negatur
562 1021 741 1102 assiduitas,
758 1032 918 1107 quatenus
940 1025 1016 1091 licet
1036 1026 1154 1091 iterata
1174 1046 1232 1091 sm-

276 1125 350 1208 pius
372 1132 516 1191 mentem
538 1146 645 1191 meam
669 1126 766 1191 simul
789 1135 823 1191 et
849 1148 965 1213 corpus
985 1136 1091 1195 vestra
1111 1127 1232 1195 fovebit

276 1228 427 1293 visitatio.
473 1227 525 1293 Ibi
545 1230 675 1314 quocies
693 1230 729 1294 in
749 1252 852 1314 regno
870 1252 944 1296 meo
966 1231 1005 1296 de
1026 1233 1154 1317 magnis
1173 1234 1230 1297 uli-

276 1330 355 1415 quid
375 1332 537 1415 agendum
557 1334 707 1413 occurrit,
724 1335 860 1399 concilia
878 1334 1071 1401 celebranda
1090 1342 1178 1416 sunt,
1196 1345 1230 1401 et

276 1435 409 1499 consilia
423 1436 589 1502 sumenda.
631 1437 681 1501 Eo
695 1436 832 1503 barones
846 1458 905 1523 pro
918 1440 1060 1523 negotiis
1073 1441 1139 1504 suis
1153 1461 1230 1505 con·

276 1538 347 1603 silio
369 1539 549 1620 fulciendis,
574 1540 753 1606 confluunt.
799 1542 848 1605 Ut
873 1542 975 1625 igitur
996 1541 1094 1607 latius
1116 1550 1231 1609 vestm

274 1640 430 1706 bonitatis
449 1648 483 1707 et
502 1643 632 1708 virtutis
652 1643 821 1709 immensae
842 1644 1044 1710 diffundatur
1065 1654 1099 1711 et
1119 1653 1229 1731 pateat

274 1744 476 1827 magnitudo,
491 1766 559 1811 non
579 1746 742 1812 immerito
755 1747 847 1812 vobis
866 1755 906 1812 ut
925 1747 1164 1815 Londoniensis
1177 1770 1228 1816 ec·

275 1846 378 1911 olesite
393 1846 642 1913 sollicitudinem
657 1857 690 1914 et
705 1870 817 1915 curam
832 1853 1026 1935 pastoralem
1040 1852 1228 1936 suscipiatis,

274 1952 424 2017 dominus
437 1974 522 2037 papa
536 1953 690 2018 mandare
704 1955 838 2033 curavit,
853 1954 994 2019 ecclesia
1007 1954 1055 2018 illi
1067 1955 1128 2019 tali
1144 1954 1227 2018 indi·

275 2054 366 2139 genti
382 2062 510 2141 pastore
525 2057 733 2136 satisfaciens,
747 2057 830 2121 mihi
848 2064 883 2122 et
901 2056 1074 2122 heredibus
1092 2057 1174 2122 meis
1193 2062 1227 2122 et

273 2178 375 2241 regno
390 2178 463 2223 meo
477 2180 546 2225 non
559 2158 764 2226 mediocriter
777 2160 957 2244 providens.
990 2160 1226 2225 Festinantiam

274 2280 351 2344 ergo
370 2268 508 2326 vestram
527 2263 655 2327 nullum
674 2262 818 2329 retardet
836 2263 1015 2347 negotium,
1035 2264 1127 2327 nulla
1144 2282 1225 2348 prae·

272 2362 382 2446 pediut
404 2364 537 2445 occasio,
552 2386 663 2429 verum
685 2366 792 2430 omnis
809 2367 922 2450 procul
940 2373 1128 2431 amoveatur
1147 2366 1226 2431 dila·

272 2466 330 2545 tio,
345 2472 383 2529 ut
398 2465 493 2531 citius
511 2467 701 2533 mandatum
722 2468 845 2532 domini
864 2488 956 2553 papie
974 2476 1009 2533 et
1026 2476 1139 2533 nostra
1157 2489 1226 2532 om·

272 2568 366 2632 nium
391 2569 539 2635 voluntas
565 2591 640 2635 cum
663 2571 761 2635 vestri
789 2578 823 2636 et
851 2570 984 2636 honoris
1012 2578 1046 2637 et
1074 2569 1226 2635 utilitatis

273 2671 461 2755 expediatur
485 2672 694 2739 incremento.
740 2674 836 2739 'Peste
861 2673 1046 2739 'l'heobaldo
1070 2673 1224 2758 archiepi-

272 2792 378 2858 scopo.
422 2774 522 2858 Apud
536 2776 783 2841 Windlesoram.

285 3074 506 3143 EPISTOLA
527 3077 810 3144 cxnvnu--m
826 3098 1064 3145 snnxssnaun
1080 3097 1207 3144 runnu.

271 3226 364 3291 Patri
388 3247 445 3291 suo
475 3234 508 3293 et
535 3228 657 3293 domno
680 3250 796 3294 aumnso
819 3228 964 3313 poctsssci
988 3232 1029 3296 Α.
1047 3232 1158 3313 frater
1184 3230 1222 3294 G.

313 3330 564 3413 Heresordiemic
578 3332 712 3396 ecclesie
725 3332 876 3411 minister,
892 3332 1031 3397 &votum
1045 3338 1076 3397 et
1090 3332 1225 3397 deddcm

314 3434 460 3498 comatis
474 3440 504 3499 et
518 3434 696 3499 obedientie
700 3434 903 3517 famulatum.

314 3583 384 3650 Qui
411 3584 500 3649 nube
525 3584 667 3651 tristitie
691 3606 796 3671 nuper
820 3584 953 3651 obducti
979 3592 1084 3651 matre
1112 3592 1225 3653 nostra

270 3689 359 3772 gravi
375 3689 556 3755 schismatis
572 3712 679 3757 errore
693 3712 858 3771 concussa,
873 3691 971 3757 ultius
983 3690 1225 3775 ingemiscendo

269 3792 442 3869 doluimus,
468 3794 541 3858 luce
565 3795 710 3859 veritatis
737 3794 896 3859 bonorum
923 3794 1073 3860 cordibus
1097 3794 1224 3859 illuces·

269 3902 373 3975 cente,
389 3902 460 3961 tota
474 3896 585 3993 gaudii
599 3897 802 3982 plenitudine
813 3898 849 3961 in
860 3896 990 3963 Christo
1004 3897 1118 3963 dilecte
1132 3904 1225 3982 pater

269 3998 493 4081 exultavimus,
519 4022 593 4066 cnm
618 4022 754 4065 munere
778 4000 888 4065 divino
910 4000 1051 4085 procella
1072 4000 1166 4067 nobis
1189 4000 1225 4065 in

269 4122 381 4167 auram
407 4110 532 4169 statuta
555 4112 614 4184 est,
638 4112 672 4169 et
694 4110 767 4188 post
789 4111 920 4169 noctem
945 4104 1013 4171 dies
1037 4104 1133 4169 nobis
1155 4111 1226 4166 tam

268 4204 411 4288 profecto
437 4214 530 4291 grata
555 4230 651 4292 quam
677 4228 791 4273 serena
815 4207 1023 4293 resplenduit.
1069 4203 1225 4270 Movebat

269 4306 398 4391 quidem
422 4311 542 4377 multos
565 4311 645 4375 illud
669 4310 878 4391 celebratum,
900 4312 1010 4394 Papiae
1032 4308 1118 4391 quod
1140 4307 1225 4371 dice·

723 4432 743 4473 o
759 4414 778 4474 2
