3225 5192
402 701 468 764 880
715 715 877 760 osannam
893 713 1043 758 nmscorr

403 836 464 901 bus
484 831 630 898 videlieet
651 837 685 896 et
708 838 839 915 peccata
860 829 1024 908 confessis,
1039 828 1095 912 qui
1116 829 1203 893 hanc
1224 829 1358 894 societa·

403 947 470 1002 tem
486 935 595 1001 debita
610 934 780 1000 devotione
795 934 1000 1012 servaverint,
1016 933 1093 996 siin
1108 939 1233 1016 septem
1248 941 1306 996 ant
1319 953 1358 998 eo

404 1038 541 1124 amplius
562 1059 721 1102 annorum
740 1037 934 1121 poenitentia
948 1036 1069 1100 fuerint
1083 1035 1265 1115 constituti,
1280 1056 1358 1120 qua-

404 1141 572 1226 draginta3
595 1140 623 1204 si
637 1140 755 1219 minus,
771 1139 887 1224 viginti
908 1139 949 1203 de
966 1138 1115 1223 injuncta
1134 1137 1196 1202 sibi
1215 1137 1358 1203 satisfac·

404 1245 495 1312 tione
510 1243 577 1310 dies
592 1242 841 1310 misericorditer
855 1243 1046 1308 relaxamus.

461 1560 680 1628 EPIS'I'OLA
702 1558 1047 1625 commu-m
1063 1578 1305 1622 rasocnrauoa

805 1687 831 1728 s.
849 1685 963 1728 raum.

411 1819 449 1880 G.
465 1817 526 1880 Dei
544 1819 652 1899 pratis
674 1815 898 1880 londoniensis
918 1817 1085 1896 episcopus,
1103 1814 1224 1877 dilectis
1244 1813 1306 1876 ribi
1326 1814 1361 1876 in

451 1920 902 1997 mercennariorum
917 1919 999 1982 beati
1012 1919 1109 1981 Pauli
1122 1919 1255 1999 upoctoli
1264 1938 1359 1998 poro-

451 2025 572 2088 clsiom'a
593 2030 623 2088 et
637 2023 728 2104 filiis,
745 2025 866 2087 clericis
886 2028 918 2086 et
939 2023 1039 2098 iaicis,
1054 2023 1195 2098 aduren,
1210 2023 1358 2104 pretinm,

451 2132 482 2189 et
497 2125 743 2189 benedictionem.

452 2275 666 2340 Scalnnurss
687 2275 815 2340 caritati
837 2283 960 2355 vestras,
984 2273 1194 2353 dilectissimi,
1209 2273 1299 2340 vobis
1320 2274 1361 2338 ad

408 2379 596 2444 memoriam
632 2378 764 2444 beatum
802 2380 876 2445 ilico
912 2377 1049 2444 Paulum
1086 2379 1267 2461 apostolum
1301 2377 1361 2442 hae

408 2489 518 2547 mente
540 2482 732 2562 reducimus,
748 2488 785 2548 ut
807 2481 850 2548 ob
871 2481 1008 2548 Domini
1027 2481 1131 2545 nostri
1145 2481 1227 2545 Jesu
1241 2481 1361 2544 Christi

409 2592 442 2650 et
469 2587 538 2669 ejus
565 2587 699 2670 apostoli
725 2587 939 2651 reverentiam
965 2593 998 2650 et
1022 2585 1171 2668 gratiam,
1196 2584 1237 2648 nd
1262 2585 1361 2668 ipsius

409 2689 575 2754 ecclesiam
599 2688 784 2772 respiciatis,
812 2695 846 2752 et
871 2689 941 2772 ejus
966 2685 1162 2764 necessitati,
1187 2708 1259 2771 quse
1284 2687 1362 2750 setis

409 2792 560 2858 omnibus
579 2793 731 2870 innotuit,
752 2799 849 2876 prout
868 2791 958 2856 vobis
973 2790 1134 2857 Dominus
1148 2790 1361 2874 inspiraverit,

409 2893 552 2980 benigna
575 2896 744 2987 devotione
770 2896 978 2961 subveniatis.
1024 2895 1107 2961 Quae
1129 2917 1150 2959 a
1170 2895 1274 2960 multo
1293 2895 1363 2978 jam

409 3011 554 3083 tempore
576 2999 722 3078 fundata,
737 3007 771 3064 et
786 2999 900 3064 vestris
922 2998 1134 3083 eleemosynis
1156 3019 1276 3081 magua
1294 2998 1364 3081 jam

410 3103 461 3166 sui
486 3113 577 3185 parte
601 3110 795 3180 constructa,
821 3109 871 3166 tot
894 3106 1045 3184 sumptus
1070 3100 1170 3183 exigit
1195 3108 1230 3163 et
1255 3099 1364 3163 haurit

410 3225 574 3288 expensas,
591 3205 679 3288 quod
694 3205 769 3290 quia
783 3226 840 3289 per
855 3225 914 3268 nos
928 3202 1186 3267 sumministrare
1204 3224 1273 3266 nou
1292 3225 1363 3286 pos·

410 3327 531 3385 sumus,
554 3306 617 3370 nisi
636 3307 720 3372 ferat
740 3327 834 3390 opem
853 3311 960 3370 vestra
979 3306 1173 3389 benignitas,
1188 3307 1229 3370 de
1249 3315 1364 3372 caetero

411 3409 576 3493 providere
596 3409 772 3476 recusando
793 3409 1042 3493 desperabimus
1088 3410 1176 3476 Quis
1188 3431 1264 3475 vero
1278 3409 1364 3494 quod

410 3512 570 3576 inutiliter
584 3520 718 3576 conetur
732 3514 850 3592 unitus,
865 3513 928 3578 hoo
942 3514 1059 3598 saepius
1073 3513 1244 3578 efficaciter
1263 3512 1364 3576 adim·

410 3613 478 3697 plot
500 3615 701 3694 universitas,
722 3617 749 3680 si
770 3639 827 3682 vos
849 3617 1011 3701 adjutores
1033 3616 1251 3695 habuerimus,
1274 3637 1365 3700 spem

411 3717 529 3780 bouem
545 3719 753 3802 concipimus,
769 3728 806 3784 ut
827 3721 861 3784 in
882 3720 996 3785 diebus
1017 3720 1129 3784 vestris
1147 3719 1202 3783 diu
1223 3728 1364 3803 protrac-

412 3826 485 3884 tum
510 3841 600 3905 opus,
627 3821 769 3887 Domino
795 3845 852 3907 per
877 3844 932 3887 vos
957 3845 1100 3891 manum.
1118 3822 1366 3888 misericorditer

412 3931 602 4009 apponente,
630 3927 826 4010 completum
851 3927 997 3991 videatis.
1042 3927 1158 4007 Agatis
1187 3927 1308 4011 itaque,
1332 3935 1366 3992 et

411 4035 548 4112 patrono
573 4036 678 4095 vestro
704 4036 737 4094 et
763 4029 917 4096 advocato
940 4030 1073 4114 optimo,
1099 4029 1196 4094 besto
1218 4031 1366 4095 videlicet

411 4131 523 4211 Panlo,
548 4131 700 4197 devotum
722 4133 881 4216 prestetis
903 4132 1104 4216 obsequium,
1120 4139 1159 4196 ut
1181 4133 1211 4196 ei
1233 4133 1366 4197 domum

412 4236 629 4301 construendo
648 4236 683 4300 iu
705 4237 809 4314 terris,
830 4235 959 4300 beatam
979 4237 1049 4320 ejus
1068 4238 1255 4300 interventu
1276 4258 1366 4300 man-

413 4338 534 4402 sionem
565 4339 736 4405 obtineatis
762 4339 795 4403 in
828 4340 922 4404 erclis.
969 4340 1010 4406 Id
1036 4362 1143 4424 quaeso
1173 4362 1240 4423 prae
1265 4339 1366 4404 oculis
