3225 5192
297 727 364 769 um.
384 706 580 787 nol-su]
628 724 1074 771 uouuournusrserrsroun.
1185 712 1248 772 245

297 848 429 921 stemus,
446 850 478 905 et
496 842 589 925 regni
604 842 654 905 sui
669 842 835 925 privilegia
849 862 1052 925 nequaquam
1068 843 1129 907 sibi
1143 845 1249 908 minu-

297 952 397 1021 entes,
413 943 454 1008 ab
469 944 520 1007 his
535 965 607 1027 quae
625 942 687 1007 sibi
706 965 726 1007 a
743 942 837 1007 nobis
853 944 913 1008 sub
929 945 1012 1027 juris
1029 946 1163 1028 jurandi
1176 947 1249 1011 reli-

297 1048 392 1130 gione
417 1054 493 1111 sunt
517 1047 681 1131 promissa,
706 1068 773 1110 nou
795 1047 993 1112 recedamus.
1039 1049 1137 1113 Unde
1161 1052 1250 1132 gravi

296 1150 389 1214 nobis
414 1150 678 1213 interminatione
704 1150 918 1228 interdicitur,
946 1152 1031 1234 quod
1057 1152 1249 1216 auctoritate

295 1253 489 1336 praeoipitur.
536 1253 589 1316 Sio
609 1252 702 1317 uobis
722 1253 758 1315 in
778 1259 932 1316 auctores
947 1259 1005 1331 est,
1022 1260 1059 1317 ut
1074 1254 1138 1317 nisi
1153 1276 1249 1317 suum

295 1360 453 1437 temperet
480 1354 652 1437 apostoliea
675 1356 890 1419 mansuetudo
915 1355 1116 1431 mandatum,
1141 1355 1250 1419 subire

295 1456 388 1520 nobis
403 1476 533 1520 neeesse
553 1456 677 1535 ritant
696 1457 774 1520 hino
793 1457 1032 1536 inobedientiae,
1048 1458 1135 1541 quod
1154 1456 1248 1535 absit,

295 1560 484 1643 periculum,
500 1568 557 1623 aut
578 1559 664 1642 apud
679 1559 847 1623 dominum
861 1580 971 1644 regem
986 1560 1120 1643 perjurii
1134 1565 1167 1623 et
1182 1580 1249 1622 nou

295 1662 470 1726 observatae
483 1662 648 1725 fidelitatis
663 1661 882 1744 opprobrium.
927 1662 1063 1725 Mallem
1082 1661 1248 1745 episcopus

294 1786 361 1828 uon
375 1764 483 1841 fuisse,
500 1785 598 1847 quam
612 1764 729 1827 borum
745 1764 939 1827 alterutrum
953 1764 1134 1829 incurrisse.
1170 1764 1247 1827 Gla-

295 1868 366 1931 dius
381 1874 517 1950 uterque
536 1866 640 1949 gravis
660 1874 720 1945 est,
737 1889 874 1950 quorum
893 1889 979 1931 uuus
1000 1867 1151 1946 animam,
1167 1868 1249 1931 alter

295 1992 409 2054 corpus
434 1970 560 2034 oceidit.
607 1970 669 2033 Ille
695 1970 826 2053 quidem
856 1972 990 2054 gravior,
1017 1979 1162 2036 attamen
1186 1972 1248 2035 iste

295 2073 431 2155 gravim.
476 2074 519 2135 Et
546 2073 677 2137 domino
703 2094 775 2136 meo
801 2074 964 2138 carissimo
991 2075 1121 2139 domino
1146 2096 1247 2157 papae,

294 2196 367 2260 quae
386 2175 510 2239 utilitas
530 2176 641 2239 futura
662 2182 711 2239 est
733 2176 770 2238 in
792 2177 948 2259 sanguine
968 2199 1048 2255 meo,
1068 2178 1096 2241 si
1115 2178 1247 2241 dmoeu·

295 2277 400 2341 dendo
420 2278 457 2341 in
479 2279 714 2362 correptionem
738 2279 833 2358 hanc,
856 2287 912 2344 aut
936 2282 1082 2364 perjurus
1105 2290 1246 2364 reputer,

295 2388 352 2445 aut
371 2380 569 2459 inobediens,
586 2382 672 2464 quod
687 2403 813 2465 semper
828 2382 920 2461 absit,
937 2384 1093 2447 existam?
1141 2384 1175 2447 Si
1192 2384 1247 2448 do-

294 2485 384 2548 miuo
398 2505 471 2549 meo
485 2507 551 2549 nou
567 2506 712 2568 paruero,
728 2507 815 2550 mors
830 2486 910 2549 mibi
925 2494 983 2563 est,
1000 2494 1034 2549 et
1054 2486 1081 2548 si
1099 2507 1247 2568 paruero,

295 2587 399 2651 solum
414 2596 568 2670 superest,
584 2594 622 2651 ut
637 2588 792 2670 emigrem
809 2608 951 2669 arogno,
968 2589 1060 2671 cujus
1074 2588 1162 2670 leges
1182 2609 1249 2652 uon

295 2692 442 2774 suscipio,
469 2713 488 2754 a
514 2692 606 2775 cujus
632 2692 716 2773 regis
740 2691 896 2755 fidelitate
920 2690 1045 2755 recedo.
1092 2692 1127 2754 Si
1152 2713 1249 2755 eausa

296 2794 424 2877 quidem
439 2801 523 2857 esset
538 2794 694 2877 ejusmodi
713 2816 771 2877 pro
787 2816 852 2877 qua
866 2794 1001 2877 dignum
1016 2794 1099 2858 foret
1118 2816 1247 2877 poenam

295 2895 401 2961 subire
416 2896 528 2960 mortis
544 2903 600 2960 aut
616 2897 712 2975 exilii,
725 2898 900 2980 gauderem
914 2898 1027 2979 utique
1041 2896 1076 2959 in
1090 2898 1247 2980 proscrip-

296 2999 383 3063 tione
404 3021 476 3063 mea
490 3000 540 3062 vel
555 3006 668 3077 morte,
685 2999 875 3082 obsequium
894 3021 947 3063 me
967 2999 1098 3063 domino
1118 3006 1247 3081 gratum

295 3102 453 3165 exhibere.
500 3101 565 3165 Sed
590 3102 738 3185 nunquid
765 3124 819 3166 rex
845 3102 981 3166 fratrum
1006 3102 1043 3164 iu
1068 3101 1248 3166 Panteueia

296 3200 472 3264 miserrime
487 3207 520 3264 et
535 3199 656 3284 absque
671 3202 759 3264 omni
774 3208 807 3265 et
821 3203 942 3285 regulae
956 3210 989 3265 et
1004 3201 1125 3265 ordinis
1140 3201 1247 3265 obser-

295 3303 422 3367 vatione
437 3303 656 3368 victitantium
671 3326 767 3369 eausa
780 3306 866 3369 tanti
883 3314 940 3383 est,
957 3313 995 3369 ut
1014 3303 1055 3368 ob
1076 3304 1137 3368 sibi
1156 3306 1247 3369 resti-

295 3407 416 3470 tuenda
434 3427 537 3489 pauca
554 3408 623 3490 agri
640 3408 763 3491 jugera,
779 3408 866 3471 iuter
884 3429 1049 3471 summum
1062 3407 1248 3491 pontificem

296 3517 329 3573 et
347 3509 408 3573 sibi
428 3509 592 3592 quondam
608 3510 756 3588 amicum,
773 3518 804 3573 et
825 3510 930 3574 adhue
950 3510 1049 3574 dante
1068 3511 1139 3574 Deo
1158 3510 1247 3574 futu-

295 3633 369 3675 rum
389 3611 618 3675 amicissimum
638 3612 804 3676 dominum
824 3620 974 3676 nostrum
991 3634 1102 3696 regem
1119 3614 1248 3696 Angliae

296 3714 506 3799 quaestionem
520 3722 666 3798 oporteat
686 3736 782 3797 super
800 3737 932 3779 suarum
952 3716 1129 3780 eminentia
1142 3716 1248 3800 digni-

295 3826 402 3881 tatum
427 3818 566 3897 agitari?
610 3818 795 3882 Praesertim
819 3840 892 3882 oum
915 3820 951 3882 in
975 3819 1123 3902 expedito
1147 3820 1248 3883 sitin

295 3940 391 3983 eausa
409 3920 471 3983 hae
487 3919 541 4002 jus
562 3941 658 3982 suum
677 3920 852 4003 unicuique
870 3921 1013 4000 reddere,
1035 3928 1068 3985 et
1087 3944 1159 4005 quae
1178 3929 1247 3986 tur·

294 4021 372 4086 bata
392 4028 469 4085 sunt
490 4022 530 4085 ad
551 4042 662 4105 pacem
682 4030 715 4085 et
735 4022 882 4086 debitum
900 4024 1036 4108 justitiae
1050 4024 1148 4088 finem
1163 4026 1247 4107 paci-

295 4126 354 4187 fice
382 4126 552 4188 revocare?
600 4125 636 4187 Si
661 4124 792 4189 domino
820 4126 891 4208 regi
919 4127 1110 4209 permissum
1138 4128 1246 4206 fuerit,

296 4247 425 4290 comam
449 4228 533 4291 hano
554 4227 774 4311 episcoporum
796 4238 830 4293 et
852 4230 987 4292 aliorum
1010 4230 1151 4292 virorum
1172 4252 1247 4313 pru-

297 4328 434 4415 dentum·
452 4330 592 4394 consiliis
612 4330 685 4393 ilico
704 4329 902 4393 terminabit.
950 4330 985 4393 Si
1003 4350 1131 4392 oaumm
1146 4330 1248 4393 domi-
