3225 5192
251 637 316 743 sn.
336 680 532 763 nol-so]
582 700 832 743 nosnosmusm
849 701 1024 743 emenonis.
1139 684 1203 745 25⁷

367 1168 588 1235 EPISTOLA
611 1168 918 1234 cnxxxvu-in
935 1191 1077 1235 nosnnu.

250 1358 286 1419 G.
302 1358 364 1420 Dei
382 1359 489 1438 pratia
511 1356 734 1419 Londomemis
756 1356 924 1436 meopte,
944 1357 1065 1420 dilectis
1085 1358 1146 1420 sibi
1166 1360 1200 1421 in

289 1460 421 1523 Domino
435 1459 587 1521 ouium
606 1462 720 1521 sanctu
738 1460 851 1520 matois
864 1458 1089 1522 Loodoniensis
1106 1461 1199 1523 ecole-

288 1563 342 1624 siae
349 1560 439 1643 filiis,
454 1562 594 1639 salutem,
607 1560 757 1641 prolium,
772 1564 804 1621 et
819 1558 1064 1623 tamdictum.

289 1747 547 1810 Pnovinnunou
570 1744 664 1810 nobis
688 1752 746 1824 est,
771 1765 814 1808 ne
837 1765 944 1808 eorem
968 1745 1061 1810 nobis
1086 1745 1199 1811 deeisae

246 1848 477 1926 controversias,
492 1848 613 1912 iterum
632 1847 870 1911 revivificentur
888 1848 925 1911 in
944 1849 1046 1913 litem.
1091 1851 1197 1914 Nove-

245 1952 288 2015 rit
310 1952 419 2034 itaque
441 1950 571 2015 dileetio
592 1957 707 2027 vestm,
728 1971 857 2014 oausam
881 1972 952 2033 quae
973 1951 1060 2015 iuter
1080 1954 1198 2035 megis-

244 2060 331 2117 trum
348 2052 560 2117 Godefiidum
581 2059 615 2115 et
634 2052 815 2115 Ernoldum
835 2061 988 2135 patruum
1010 2056 1080 2138 ejus
1102 2076 1200 2138 super

245 2157 378 2221 eeclesia
398 2157 438 2220 de
455 2155 598 2221 Csstello
618 2156 740 2219 diutius
761 2156 884 2239 agitata
902 2162 961 2234 est,
981 2156 1043 2221 hoo
1064 2158 1198 2222 tandem

244 2260 309 2323 fine
334 2259 562 2342 conquievisse.
607 2259 766 2323 Ernsldus
795 2259 833 2321 in
857 2259 926 2343 jem
952 2258 1039 2324 diets
1065 2260 1198 2324 eeclesia

245 2363 371 2446 nepotis
394 2361 444 2426 sui
462 2363 516 2445 jus
537 2382 778 2445 recognoscens,
798 2362 887 2425 illum
909 2362 945 2426 in
966 2384 1065 2426 monn
1085 2371 1198 2429 nostre

242 2486 300 2547 per
321 2471 448 2528 textum
470 2464 627 2548 deposuit,
649 2486 746 2549 quem
768 2485 828 2528 uos
851 2465 1027 2529 Godefrido
1050 2465 1197 2529 similiter

242 2573 439 2649 portentum
455 2567 673 2645 restituentes,
688 2568 796 2650 ipsum
817 2567 854 2629 in
875 2588 913 2631 eo
934 2588 1104 2649 personum
1119 2589 1195 2632 oon·

243 2668 417 2733 stituimus.
462 2670 589 2734 Deinde
603 2669 760 2753 petitione
773 2668 950 2745 Godefridi,
966 2669 1145 2733 Ernoldum
1161 2672 1196 2735 in

242 2772 354 2836 eedem
377 2771 510 2835 eeclesia
530 2772 684 2835 vicarium
707 2770 916 2853 suscepimus,
938 2770 1000 2834 hoo
1023 2770 1195 2834 interveni-

241 2881 317 2939 ente
345 2875 503 2957 psotione,
531 2882 569 2938 ut
594 2874 757 2937 Ernuldus
782 2874 852 2958 jem
882 2873 1002 2937 dietum
1028 2873 1195 2937 eeclesiam

242 2978 395 3060 quamdiu
424 2986 585 3061 superstes
610 2977 719 3055 fuerit,
744 2983 855 3042 teneat
885 2976 946 3040 sub
976 2998 1087 3041 annus
1115 2997 1194 3059 pen-

241 3080 330 3145 sione
345 3079 485 3143 dimidiae
500 3100 625 3157 moroae,
638 3078 813 3143 Godefrido
828 3077 869 3142 ob
884 3078 962 3162 ipso,
978 3078 1078 3162 ipsius
1093 3078 1194 3142 ecole-

240 3182 295 3247 siae
314 3182 447 3248 nomine
467 3182 635 3246 annuatim
656 3179 825 3259 solvendos,
840 3179 888 3244 ito
905 3189 946 3245 ut
964 3181 1120 3245 medietas
1138 3181 1194 3245 de·

239 3284 317 3349 bitae
339 3284 501 3367 pensionis
523 3285 559 3347 iu
581 3284 687 3348 medis
709 3283 980 3367 Qundmgesimae,
996 3284 1098 3348 ultera
1119 3306 1194 3350 vero

240 3387 396 3452 medietas
420 3386 561 3452 infesto
584 3386 687 3449 suncti
709 3386 880 3449 Michaelis
902 3387 1052 3450 solvetur.
1097 3386 1195 3453 Quod

241 3490 316 3573 quia
329 3487 427 3573 plena
443 3486 724 3570 utriusquepartis
739 3506 899 3549 consensu
917 3486 978 3550 sub
996 3493 1108 3551 nostre
1122 3508 1192 3571 ges·

240 3599 311 3656 tum
334 3600 383 3656 est
406 3590 585 3675 presentis,
601 3598 634 3654 et
653 3590 832 3672 juramenti
852 3590 1009 3672 religione
1029 3591 1193 3674 utrimque

239 3696 414 3774 firmatum,
438 3716 481 3759 ne
505 3693 697 3758 indubium
722 3692 763 3757 de
785 3700 910 3771 coetero,
934 3694 985 3757 vel
1005 3694 1041 3759 iu
1062 3694 1193 3765 irritum

239 3800 338 3883 possit
361 3798 511 3876 revocari,
535 3798 687 3881 presenti
711 3796 829 3880 scripto
851 3798 1056 3861 universitati
1078 3804 1193 3862 vestrm

236 3924 349 3967 -rerum
372 3910 535 3985 gestarum
557 3902 670 3965 seriem
694 3900 884 3983 significare,
900 3908 934 3963 et
955 3902 1085 3984 utrique
1105 3901 1194 3983 quod

240 4027 334 4070 suum
350 4012 409 4082 est,
425 4004 523 4087 sigilli
539 4003 643 4067 nostri
658 4003 850 4067 auctoritate
864 4005 1055 4067 confirmare
1070 4004 1191 4068 mnevi-

236 4130 321 4173 ‘mus
368 4108 429 4171 His
447 4106 586 4171 testibus
602 4104 774 4188 Radulpho
789 4105 922 4183 deceno,
941 4104 1039 4171 Petro
1054 4104 1190 4168 archidi-

235 4232 347 4289 aoono,
370 4210 516 4274 Walters
538 4208 773 4285 archidiacono,
798 4209 953 4291 magistro
983 4206 1189 4289 Ronnulpho,

239 4313 381 4378 Henrioo
401 4314 501 4377 fratre
520 4312 657 4389 comitis,
673 4312 775 4375 lvone
792 4310 1002 4387 thesaurario,
1018 4306 1190 4394 Rodulpho

699 4434 714 4475 s
