3225 5192
360 682 421 743 102
671 694 833 739 arissam
848 692 1000 738 srrscorr

357 824 412 881 tur
426 814 612 879 admissum.
657 812 729 875 Nec
747 811 911 874 Romanas
925 828 1071 891 unquam
1093 826 1187 871 aures
1208 807 1316 891 pulset

358 918 495 1002 amplius
508 917 574 981 tale
588 913 776 992 ludibrium,
786 912 875 996 quod
885 912 1033 977 omnium
1042 910 1202 975 bonorum
1217 918 1316 975 attes-

358 1021 482 1087 tatione
496 1025 623 1085 constat
638 1038 707 1081 esse
722 1014 924 1081 mendosum.
970 1014 1096 1077 Verum
1110 1013 1152 1076 de
1165 1013 1236 1096 ipsa
1249 1034 1318 1077 ma·

358 1132 409 1189 tre
430 1120 642 1206 imperatricis
657 1125 844 1183 sanctorum
859 1116 1062 1200 quorundam
1076 1117 1184 1180 relatu
1198 1137 1316 1201 cogno-

358 1228 473 1303 vimus,
495 1226 599 1308 ipsam
621 1244 640 1286 a
661 1220 831 1285 cunabulis
853 1220 931 1303 ipsis
954 1218 990 1282 iu
1015 1217 1247 1301 indignitatem
1268 1240 1320 1283 re·

362 1330 458 1413 giam,
475 1335 603 1392 ostenso
625 1324 775 1389 diviniter
796 1323 926 1388 oraculo
948 1322 1186 1406 presignatum.
1229 1322 1318 1385 Nam

362 1433 441 1497 dum
462 1432 566 1514 ipsam
586 1429 700 1512 regina
715 1426 876 1505 Matildis,
893 1425 992 1509 Regis
1009 1425 1178 1489 Willielmi
1192 1446 1319 1511 sponsa,

363 1536 404 1599 de
418 1556 508 1599 sacro
522 1534 612 1598 fonte
627 1533 758 1607 levaret,
773 1530 882 1614 puella
898 1530 969 1613 ipsa
984 1528 1106 1612 injecta
1120 1550 1222 1593 manu
1235 1528 1320 1593 vela-

362 1645 511 1701 mentum
532 1618 618 1719 quod
637 1635 734 1720 capiti
754 1635 876 1716 reginae
897 1638 1074 1715 supererat,
1097 1630 1320 1716 apprehendit,
1404 1678 1408 1683 ‚

364 1758 523 1822 suumque
553 1744 650 1821 caput
678 1736 827 1800 involuit.
887 1734 985 1801 Quod
1021 1734 1153 1817 quidam
1184 1756 1321 1819 quorum

364 1862 453 1905 nuuc
482 1840 580 1905 ctiam
606 1841 673 1904 vita
698 1848 860 1923 superstes
888 1846 948 1917 est,
979 1838 1075 1902 altius
1105 1838 1322 1918 attendentes,

364 1944 494 2028 siguum
517 1942 602 2027 quod
623 1949 859 2025 praeostensum
880 1950 929 2006 est
952 1948 1159 2025 exponentes,
1182 1942 1322 2025 dignita·

364 2054 432 2112 tem
446 2046 579 2130 regiam,
590 2047 724 2129 inquam
739 2046 946 2129 postmodum
961 2044 1135 2109 sublimata
1147 2052 1207 2123 est,
1218 2046 1323 2109 maui-

363 2150 445 2215 feste
460 2155 537 2213 sunt
551 2149 728 2232 praelocuti.
759 2150 802 2212 Iu
816 2148 952 2231 longum
966 2170 1001 2213 se
1016 2147 1162 2213 extendit
1176 2149 1322 2231 epistola,

364 2274 403 2316 eo
419 2251 505 2334 quod
519 2251 687 2315 materiam
703 2271 857 2334 magnam
876 2252 1054 2333 attigimus,
1070 2251 1131 2314 etsi
1145 2271 1213 2315 non
1227 2251 1323 2335 plene

365 2352 587 2435 explicuimus.
621 2353 666 2416 Et
680 2360 718 2417 tu
733 2375 790 2437 per
804 2353 902 2418 verba
917 2376 990 2438 quoe
1003 2376 1061 2439 per
1075 2354 1212 2419 militem
1226 2363 1322 2419 tuum

365 2454 527 2519 mandasti
535 2455 625 2534 mihi,
637 2457 784 2521 excitasti
792 2478 856 2537 me,
861 2465 894 2522 et
900 2480 1001 2541 quum
1009 2478 1137 2522 currere
1146 2458 1323 2541 coepissem,

367 2557 507 2641 augebat
528 2558 609 2622 mihi
631 2560 777 2625 stimulos
792 2562 863 2645 ipsa
876 2562 925 2625 tui
939 2562 1104 2640 memoria,
1119 2568 1157 2625 ut
1172 2561 1214 2626 ab
1229 2583 1322 2645 opus·

367 2661 441 2727 culo
457 2662 544 2745 quod
562 2662 644 2727 mihi
662 2664 713 2727 tui
731 2665 949 2746 praesentabat
963 2664 1153 2729 memoriam
1167 2665 1220 2727 vix
1234 2665 1326 2729 avelli

367 2766 540 2849 potuerim,
556 2767 612 2831 sed
630 2788 682 2831 me
697 2767 764 2832 fere
779 2768 816 2831 in
829 2768 955 2832 tedium
971 2768 1100 2833 lectoris
1115 2767 1323 2833 extenderim.

369 2869 468 2933 Unde
488 2870 524 2933 in
543 2870 609 2934 fine
628 2877 750 2949 teneas,
766 2879 804 2935 ut
819 2892 944 2935 memor
959 2872 1002 2936 sis
1016 2872 1100 2951 finis,
1116 2878 1150 2936 at
1164 2872 1201 2935 in
1215 2872 1326 2935 Eccle-

369 2973 449 3035 siam
461 2972 525 3036 Dei
539 2978 573 3037 et
587 2994 743 3055 pauperes
759 2974 830 3056 ejus
845 2974 1013 3038 caritatem
1029 2974 1193 3038 benevolae
1207 2974 1326 3038 mentis

369 3094 526 3137 exerceas.
571 3074 701 3136 Memor
715 3079 784 3137 esto
804 3075 919 3138 matris
938 3082 1005 3139 tuse
1025 3098 1097 3159 quae
1116 3076 1277 3159 diripitur,
1293 3082 1326 3140 et

369 3174 579 3238 conculcatur
592 3171 632 3235 ab
648 3172 809 3253 omnibus,
825 3181 859 3238 et
880 3196 960 3258 quos
979 3176 1015 3238 in
1035 3175 1147 3239 diebus
1167 3178 1328 3259 angustias

369 3296 436 3339 suae
456 3272 587 3338 deberet
607 3274 689 3337 filios
709 3276 847 3358 experiri
866 3276 1055 3355 carissimos,
1076 3278 1185 3341 hostes
1205 3280 1327 3362 reperit

369 3377 602 3440 infestissimos.
658 3377 730 3441 Nec
759 3377 911 3445 adversus
938 3401 1011 3444 eam
1036 3388 1113 3444 tuus
1137 3380 1214 3444 iude
1240 3382 1328 3445 zelus

370 3478 575 3558 accendatur,
590 3480 618 3543 si
637 3480 672 3544 in
693 3501 790 3545 causa
804 3482 956 3564 prasenti
970 3502 1036 3545 non
1053 3503 1092 3546 ea
1106 3502 1170 3566 qna
1184 3483 1327 3565 oportuit

369 3582 520 3646 libertate
532 3582 617 3646 vocis
631 3604 691 3647 usa
705 3589 764 3661 ast,
775 3606 876 3667 quum
891 3604 964 3648 eam
977 3584 1178 3668 presidentis
1189 3586 1326 3650 auctori-

371 3693 420 3748 tas
442 3704 511 3748 non
532 3684 635 3749 solum
659 3685 852 3769 impedierit,
867 3686 924 3751 sed
939 3688 1030 3770 quasi
1044 3687 1179 3771 ligatam
1191 3687 1327 3751 vinculis

370 3786 406 3850 in
420 3787 482 3851 hoc
498 3786 568 3870 ipso
582 3787 671 3851 velut
685 3785 884 3851 immobilem
899 3788 1019 3852 fecerit.
1066 3788 1131 3852 Sed
1149 3789 1219 3872 jam
1240 3809 1329 3852 nunc

371 3890 443 3953 Deo
463 3888 610 3973 propitio,
626 3897 660 3953 et
677 3889 805 3954 favente
825 3890 910 3973 parti
928 3889 1004 3953 huic
1024 3889 1155 3954 domino
1169 3914 1254 3975 papa
1267 3892 1326 3955 Ce-

370 3990 498 4069 lestiuo,
515 3991 644 4055 vincula
657 3991 833 4070 solventur,
848 4013 919 4075 qnae
933 3999 1026 4056 muta
1039 3993 1129 4057 fuere
1143 3994 1326 4077 loquentur.

372 4092 462 4159 Vale.
501 4094 546 4157 Et
560 4092 660 4158 biduo
675 4094 788 4158 saltem
804 4114 875 4159 ores
891 4117 950 4180 pro
965 4117 1027 4175 me,
1043 4097 1120 4179 quia
1133 4096 1233 4161 biduo
1247 4096 1328 4160 mihi

372 4206 421 4262 est
435 4196 621 4263 intermissa
635 4197 737 4262 oratio
752 4204 790 4261 ut
806 4196 915 4263 literas
930 4198 1086 4263 dictarem
1100 4199 1142 4262 ad
1156 4206 1200 4264 te.
