3225 5192
330 704 397 747 ω.
415 664 612 765 1148461]
663 700 958 749 nnnnnonnussis
974 702 1151 747 emenone.
1214 684 1278 750 112

243 850 247 858 ·
330 814 599 879 Selesberiensem
614 814 788 881 eorundem
807 822 919 899 posteo
938 815 1094 899 petitione
1107 816 1279 901 episcopali

329 916 553 983 benedictione
574 917 681 1000 ipsum
694 916 730 981 in
744 916 896 983 abbatem
909 918 1124 985 confirmasse.
1169 919 1278 987 Quem

329 1020 404 1103 quic
417 1026 486 1085 tum
497 1019 563 1085 vitu
577 1040 674 1103 qum
688 1019 836 1085 doctrine
848 1021 953 1087 multe
965 1021 1102 1105 dignum
1115 1042 1277 1090 commen·

328 1122 459 1187 datione
473 1121 689 1205 cognovimus,
705 1144 763 1205 pro
782 1123 853 1206 ipso
870 1144 979 1207 preces
997 1124 1190 1191 sublimitati
1210 1146 1277 1191 ves·

328 1232 387 1288 trie
409 1226 612 1309 porrigimus,
627 1232 666 1289 ut
680 1246 756 1291 eum
769 1226 805 1289 in
820 1227 886 1291 suis
897 1227 994 1310 justis
1008 1228 1277 1310 postnetionibm

329 1328 476 1406 auduus,
491 1335 525 1393 et
539 1328 761 1393 cernelienses
775 1330 951 1395 monuchos
966 1330 1116 1395 adserens
1133 1352 1210 1395 eum
1228 1331 1277 1395 in·

327 1430 413 1512 juste
435 1437 469 1494 et
489 1429 635 1514 improbe
656 1436 872 1509 contumaces,
892 1432 1066 1515 apostolice
1086 1432 1278 1499 auctoritate

328 1532 519 1613 reprimatis.
564 1533 688 1597 Domus
714 1533 802 1599 enim
826 1533 883 1598 illu
903 1533 1060 1599 Cornelio
1080 1540 1141 1613 est,
1163 1534 1216 1599 cui
1240 1540 1279 1603 ut

327 1633 456 1716 publico
483 1634 570 1698 ieme
599 1642 661 1711 est,
681 1634 833 1699 honestes
862 1635 931 1699 sole
955 1634 1081 1716 jamdiu
1105 1634 1278 1719 displicuit,

328 1736 410 1801 nihil
428 1737 516 1821 qnod
534 1757 602 1801 non
620 1737 769 1820 religioni
788 1737 988 1803 contrarium
1005 1738 1089 1805 foret
1109 1744 1143 1803 et
1163 1738 1278 1816 ordini,

328 1840 433 1921 potiiit
448 1840 654 1923 complacere.
678 1839 827 1905 Quorum
838 1840 1048 1905 emendendoe
1062 1840 1169 1923 potins
1180 1860 1278 1923 quem

327 1942 362 2003 in
376 1942 548 2023 presentia
561 1949 666 2006 vestre
680 1941 970 2007 commemorande
980 1941 1192 2019 dissolutioni,
1203 1938 1279 2025 quic

327 2044 497 2126 proedictus
511 2044 610 2109 freter
622 2044 816 2123 Bernerdus,
826 2066 890 2129 quo
904 2044 1010 2128 potuit
1024 2045 1132 2127 vigore
1145 2044 1278 2124 restitit,

328 2146 503 2211 eorumdem
526 2148 679 2213 violentie
701 2147 792 2230 qussi
814 2149 967 2231 profanus
989 2147 1140 2230 expulsus
1163 2153 1222 2224 est,
1244 2151 1279 2215 et

327 2247 368 2311 sb
383 2269 495 2313 eorum
510 2250 736 2315 communione
750 2258 977 2333 sequestratus.
1017 2251 1096 2317 Non
1109 2248 1203 2315 nobis
1216 2249 1277 2313 ito·

326 2370 400 2433 que,
421 2351 560 2430 domne,
580 2372 648 2417 non
669 2351 772 2431 nobis,
794 2353 851 2417 sed
871 2350 996 2418 nomini
1016 2358 1122 2417 vestm
1144 2351 1279 2435 glorium

326 2452 463 2531 donetis,
487 2462 525 2519 nt
547 2454 765 2538 improbonim
788 2454 955 2519 audam
974 2452 1189 2538 repiimendo,
1211 2454 1278 2517 col·

327 2576 402 2639 pum
416 2556 553 2621 similem
566 2557 602 2619 in
617 2557 686 2621 eliis
702 2557 920 2640 compescetis,
936 2556 1100 2638 bonosque
1117 2554 1278 2639 condigne

327 2658 537 2737 munerando,
552 2659 680 2723 nitetis
700 2660 845 2725 studium
863 2655 900 2723 in
917 2657 1137 2741 compluribus
1159 2678 1277 2739 eugeu-

327 2761 378 2824 tis.
425 2761 494 2824 Sibi
508 2782 562 2825 vos
577 2762 612 2824 in
626 2762 724 2844 longe
738 2768 884 2843 tempora
898 2767 1063 2824 conservet
1081 2756 1277 2823 incolumem

328 2863 529 2947 omnipotens
544 2863 714 2942 Dominus,
729 2864 766 2927 in
781 2864 910 2926 Christo
925 2862 1040 2926 dilecte
1054 2866 1157 2945 puter.

607 3166 825 3231 xuni-in
842 3152 997 3229 neuneu.

328 3322 420 3384 Petri
444 3342 499 3385 cuo
519 3328 549 3385 et
573 3323 693 3386 domino
714 3295 911 3385 sanctissino
925 3341 1019 3403 pope
1042 3320 1083 3383 Ε.
1104 3317 1215 3401 frater
1239 3320 1285 3382 G.-

369 3422 616 3504 Heresordieucie
630 3426 762 3487 ecclesio
777 3426 927 3501 minister,
936 3426 992 3505 pie
1005 3424 1171 3486 salutantis
1185 3420 1277 3502 affec·

371 3532 444 3605 tum,
460 3533 490 3589 et
506 3528 662 3591 lumiliter
676 3528 865 3610 obsequentis
880 3526 1020 3609 efficium.

373 3678 602 3745 sencinum
625 3685 747 3757 vestrae,
771 3678 887 3743 dilecte
915 3682 1007 3761 peter
1031 3696 1089 3759 pro
1114 3672 1278 3740 hennensi

325 3783 460 3849 ecclesis
474 3804 512 3847 eo
527 3781 739 3847 confidentius
755 3781 1055 3865 supplicamusque
1069 3782 1177 3841 totum
1192 3776 1277 3859 quod

326 3887 415 3971 pium
431 3894 490 3965 est,
507 3884 592 3969 quod
615 3884 797 3962 honestum,
813 3892 926 3947 vestrae
944 3881 1139 3965 complacere
1157 3878 1278 3946 sereni·

327 3991 387 4055 tati
398 4012 466 4053 non
480 3987 683 4071 ambigimus.
708 3986 867 4051 Praediets
880 3984 1037 4069 siquidem
1048 3983 1181 4049 ecclesis
1190 3983 1277 4046 inter

328 4094 474 4157 ecclesias
490 4092 617 4175 Angliae
631 4098 700 4155 tam
714 4091 807 4153 firme
822 4089 943 4153 ordinis
958 4085 1160 4153 observantie
1179 4104 1276 4166 quem

327 4196 476 4277 perfeetae
490 4193 631 4259 caritatis
651 4192 764 4277 opibus
784 4192 819 4255 in
838 4199 969 4257 tuntum
982 4189 1125 4265 iiucdiet,
1140 4191 1178 4249 ut
1192 4184 1275 4247 oeci-

326 4298 432 4363 ‹lentis
450 4297 551 4364 nostri
572 4294 721 4361 tenebras
739 4294 812 4359 luce
830 4292 968 4375 quedem
987 4290 1131 4354 honestes
1145 4303 1274 4349 eonver-
