3225 5192
423 681 488 746 320
744 693 1059 738 cinnsnnsunsscoes

548 1047 768 1112 EPISTOLA
791 1045 1084 1111 ccum-nn
1111 1065 1256 1110 nosunu.

428 1203 584 1265 Gilbertto
598 1202 659 1264 Dei
676 1201 783 1283 pratia
804 1197 1054 1283 [Locdooiemio]
1074 1201 1241 1280 episcopus,
1257 1199 1378 1262 dilectis

467 1304 528 1368 eibi
549 1304 583 1368 in
602 1305 745 1382 Domino,
760 1303 912 1365 univeros
930 1301 1064 1383 qudem
1083 1303 1217 1364 ecclesie
1230 1303 1376 1383 parochi-

469 1407 539 1469 om's
553 1412 583 1469 et
590 1403 680 1488 filiis,
696 1407 834 1482 salutem,
846 1406 995 1487 pretium,
1010 1409 1042 1467 et
1056 1403 1305 1468 benedictionem.

470 1557 540 1624 Qus
557 1558 698 1624 Domino
713 1556 856 1622 devotius
871 1556 1095 1640 obsequuntur
1109 1556 1207 1640 digne
1221 1556 1263 1620 sb
1277 1558 1377 1641 ipsius

425 1660 573 1725 fidelibus
584 1661 619 1724 in
630 1660 839 1746 petitionibus
854 1660 919 1723 suis
930 1659 1028 1742 justis
1042 1659 1269 1724 exaudiuntur.
1293 1661 1377 1725 Inde

426 1772 475 1829 est
490 1764 576 1849 quod
590 1765 791 1829 universitati
806 1769 919 1828 vestrae
933 1763 1085 1846 praesenti
1099 1763 1219 1847 scn’pto
1232 1763 1377 1829 notifica-

425 1887 508 1944 mus,
524 1888 583 1932 nos
599 1867 723 1934 dilectis
742 1865 896 1930 iratribus
915 1865 1081 1930 monachis
1100 1866 1222 1931 scilicet
1241 1867 1377 1930 Olunni-

426 1972 475 2034 sci
490 1977 524 2036 et
537 1971 730 2068 nopiuntim
744 1970 843 2055 priori
856 1968 897 2033 de
913 1969 1048 2034 Romuli
1062 1977 1096 2034 et
1109 1968 1211 2054 ipsius
1223 1969 1288 2034 loci
1302 1991 1376 2034 con·
1422 1968 1427 1978 '

425 2073 537 2137 ventui
552 2093 664 2138 omnes
680 2073 826 2138 ecclesias
846 2079 880 2137 et
899 2071 1112 2136 ecclesiastice
1130 2071 1287 2136 beneficis
1301 2094 1376 2138 con-

426 2174 565 2253 cessisse,
583 2195 654 2258 quae
674 2175 735 2240 sibi
750 2197 769 2238 n
783 2175 901 2239 comite
915 2174 1091 2239 Eustochio
1110 2174 1231 2239 donata
1249 2183 1283 2240 et
1302 2195 1377 2240 con·

425 2297 514 2342 cessa
535 2284 622 2356 sunt,
638 2284 671 2342 et
692 2278 792 2364 ipsius
807 2278 921 2344 chorte
935 2300 1032 2364 quem
1045 2279 1243 2364 inspeximus
1263 2281 1377 2343 confir·

426 2385 524 2460 mata,
540 2388 578 2446 et
588 2379 629 2446 sb
644 2360 721 2464 ipsis
736 2381 848 2445 multis
860 2382 929 2466 jum
944 2388 1021 2447 ante
1036 2398 1196 2449 annosum
1211 2383 1377 2446 curriculis

426 2483 534 2568 quiete
556 2491 590 2548 et
611 2483 800 2550 inconcusse
822 2505 975 2568 possesso.
1020 2487 1062 2550 In
1082 2485 1132 2549 his
1150 2507 1226 2550 vero
1246 2485 1316 2550 haec
1338 2508 1376 2551 ex

425 2587 563 2671 propriis
592 2587 742 2652 duximus
772 2587 981 2671 exprimenda
1008 2586 1179 2667 vocabulis,
1210 2589 1377 2654 ecclesiam

426 2689 467 2754 de
494 2690 656 2768 Stsnsord,
681 2697 714 2754 et
740 2691 906 2756 ecclesium
932 2691 973 2754 de
995 2691 1119 2774 Augra,
1146 2690 1313 2756 ecclesiam
1338 2692 1378 2756 de

426 2792 626 2876 Lshsphara,
641 2799 675 2858 et
695 2792 885 2878 Lsgnphnrn
903 2814 1010 2876 poros,
1029 2793 1194 2858 ecclesiam
1214 2793 1255 2858 de
1274 2795 1377 2877 Coge-

425 2895 524 2974 shnln,
544 2895 710 2960 ecclesiam
733 2893 774 2964 dn
793 2895 915 2975 Orteie,
934 2897 1101 2960 ecclesiam
1124 2895 1164 2960 de
1186 2896 1375 2980 Lnngnhou,

425 3005 459 3062 et
474 2997 626 3082 quicquid
648 2998 690 3062 sd
712 3019 765 3062 ess
786 2999 929 3083 pertinet
949 2999 985 3062 in
1007 2999 1146 3085 capellis,
1165 3000 1202 3063 in
1223 3000 1328 3079 terris,
1344 3007 1377 3064 et

426 3100 567 3179 decimis,
590 3099 737 3166 videlicet
763 3102 802 3166 de
828 3103 942 3187 porcis,
968 3102 1009 3166 de
1034 3104 1137 3186 agnis,
1161 3103 1202 3167 de
1226 3105 1312 3183 lana,
1336 3103 1377 3168 de

424 3202 533 3281 caseis,
557 3201 597 3266 de
622 3202 741 3281 vitulis,
765 3201 805 3266 de
831 3204 930 3286 pullis
955 3225 1122 3288 equorum,
1145 3202 1185 3268 de
1209 3205 1375 3288 pasnagio,

426 3307 466 3372 de
494 3308 592 3387 foeno,
615 3313 649 3371 et
677 3307 754 3371 lino.
809 3307 879 3371 Hos
904 3308 974 3391 jam
999 3308 1102 3372 dictus
1127 3309 1276 3373 ecclesias
1301 3331 1375 3374 cum

426 3411 576 3476 omuibus
598 3411 639 3475 nd
660 3412 745 3496 ipsas
766 3409 1095 3494 pertinentibus-jam
1110 3410 1204 3476 dictis
1223 3413 1376 3476 fratibus

427 3514 641 3592 concedimus,
666 3521 699 3578 et
726 3515 897 3598 episcopali
922 3515 1112 3580 auctoritate
1137 3516 1375 3597 confirmamus,

427 3621 460 3679 et
484 3615 567 3680 hanc
591 3614 798 3680 donationem
824 3625 970 3682 nostum
995 3614 1091 3702 sigssli
1115 3621 1218 3684 nostri
1244 3627 1376 3685 atteste-

426 3716 516 3782 tione
535 3717 782 3792 corroboramus
830 3721 980 3787 'lbstibus
998 3723 1136 3788 Ricundo
1154 3700 1377 3788 arciiidincono
