3225 5192
280 727 346 771 ιω.
364 705 563 789 llus-48]
613 726 828 772 unocrsrann
844 727 1022 774 rrrsronn.
1188 715 1234 778 53·

279 844 346 927 ejus
359 842 419 908 viri
433 842 577 927 probatae
590 843 756 927 religionis
770 849 804 908 et
819 845 944 928 gratim,
955 846 1011 929 qui
1024 865 1099 910 cum
1114 867 1153 912 eo
1167 869 1232 931 qno

277 945 463 1010 familiarius
478 955 718 1025 eonveraantur,
733 954 828 1012 tanto
842 949 946 1032 magis
961 949 1001 1013 de
1015 949 1158 1034 ejusdem
1174 951 1231 1016 bo-

277 1057 403 1114 neatate
418 1049 598 1133 gloriantur
612 1051 648 1113 in
662 1050 815 1115 Domino.
844 1050 971 1115 Scimus
980 1073 1107 1136 qnoque
1118 1054 1232 1118 Domi·

277 1173 357 1217 num
371 1153 498 1235 flagello
512 1153 730 1217 tribulationis
744 1153 852 1237 ipsum
863 1153 931 1238 jam
953 1153 1009 1218 diu
1028 1156 1232 1239 aliquatenus

277 1256 430 1339 attigisse,
446 1261 483 1318 nt
504 1255 531 1318 si
547 1255 624 1338 quid
644 1255 680 1320 in
700 1277 738 1320 eo
757 1255 821 1319 fuit
841 1256 961 1334 sooriae,
973 1257 1042 1340 jam
1057 1258 1099 1321 ad
1112 1281 1231 1342 purum

277 1364 443 1422 excoctum
473 1358 524 1436 sit,
554 1364 588 1422 et
617 1357 724 1441 siquid
752 1358 788 1422 in
817 1379 948 1422 exeessn
973 1358 1126 1424 mediocri
1151 1381 1233 1444 vaga

277 1461 368 1543 regni
383 1461 511 1543 Angliae
525 1459 713 1543 aliquandiu
727 1461 874 1544 permisit
888 1459 1029 1541 lieentia,
1046 1461 1114 1545 jam
1133 1483 1233 1546 penes

278 1583 350 1626 eum
366 1569 555 1626 evacuatum
570 1570 630 1641 est,
642 1569 675 1628 et
689 1563 832 1647 perfecte
844 1561 1009 1647 probatur.
1056 1564 1129 1628 Hoc
1143 1564 1231 1648 quod

276 1684 385 1729 verum
402 1665 571 1742 oredimus,
587 1666 748 1749 praeoipuo
768 1665 913 1729 veritatis
933 1666 1037 1730 amioo
1058 1667 1232 1732 denuntia·

275 1787 359 1844 mus,
374 1774 493 1831 utnon
508 1767 616 1851 pigeat
630 1788 686 1831 vos
700 1768 803 1831 filium
818 1775 960 1832 vestrum
980 1769 1015 1832 in
1036 1770 1140 1853 gratia
1159 1792 1230 1835 sns-

276 1869 389 1954 oipere,
404 1870 456 1934 oui
471 1869 606 1954 dignum
621 1877 670 1934 est
685 1870 841 1935 honorem
861 1877 894 1934 et
916 1871 1053 1954 gretiam
1067 1872 1230 1938 exhibere.

276 1971 391 2037 Valeat
405 1972 585 2038 sublimitas
598 1983 706 2038 vestra
717 1973 753 2037 in
768 1973 899 2038 Christo
913 1973 1031 2039 dilecte
1045 1983 1146 2059 pater.

374 2281 597 2364 EPISTOLA
618 2281 889 2346 xxxvl1.-in
904 2304 931 2348 r.
948 2303 1120 2347 prunnon.

275 2435 367 2498 Patri
389 2454 445 2498 suo
470 2440 500 2500 et
526 2436 646 2500 densim
667 2436 699 2499 J.
724 2442 840 2500 sancte
860 2436 943 2500 sedis
964 2437 1152 2522 Apostolicoe
1166 2435 1229 2500 Dei

310 2540 419 2620 gratio
442 2540 542 2622 legato
560 2539 669 2621 frater
695 2539 733 2603 G.
758 2540 891 2604 salutem
919 2546 950 2603 et
979 2539 1017 2603 de
1046 2545 1110 2603 tolo
1136 2541 1229 2605 corde

317 2641 519 2706 dilectionem,

315 2796 466 2859 quenis
486 2795 682 2878 dignationis
701 2801 825 2873 vestire,
843 2794 961 2859 dilecte
979 2800 1081 2877 pater,
1097 2793 1228 2859 domino

277 2897 506 2964 salesberiensi
523 2897 707 2976 direximus,
722 2904 761 2962 ιιι
781 2917 880 2981 quem
898 2895 1057 2961 statuistis
1076 2894 1228 2960 abbatem

273 3001 437 3078 Gemeliae,
451 3001 523 3065 looo
542 2999 646 3064 eidem
665 2999 838 3084 episcopali
856 2999 1061 3063 oonfirmaret
1078 2997 1228 3064 benedie-

272 3103 371 3168 tione.
416 3103 514 3169 Quod
534 3101 602 3187 ipse
624 3123 688 3185 quo
703 3103 814 3166 animo
833 3101 884 3166 vel
906 3122 971 3185 qua
988 3100 1150 3166 industria
1169 3123 1227 3166 ne·

274 3206 391 3270 soimm
412 3205 579 3288 hueusque
601 3203 762 3283 differens,
781 3204 818 3268 in
838 3204 957 3287 ipsum,
976 3204 1060 3267 siout
1077 3225 1097 3267 a
1115 3205 1228 3268 multis

271 3308 451 3374 audivimus
472 3313 544 3389 post
564 3306 739 3371 disoessnm
756 3313 900 3372 vestrum
918 3307 1102 3371 vexationes
1122 3313 1156 3370 et
1175 3327 1226 3371 ar-

271 3416 427 3495 gumenta
452 3409 654 3493 multiplicat.
701 3409 798 3476 Quod
821 3409 949 3474 utinam
973 3408 1058 3474 absit
1079 3429 1100 3472 a
1120 3417 1227 3474 vestra

270 3512 372 3597 gloria
394 3532 436 3576 ne
458 3511 524 3576 tale
547 3512 700 3576 sortiatur
724 3512 796 3576 laus
820 3518 926 3576 vestra
950 3511 1164 3596 dispendium,
1186 3518 1226 3576 ιιι

269 3615 428 3700 plantatio
447 3620 552 3678 vestre
571 3615 617 3679 sio
637 3614 792 3680 evellatur
811 3623 845 3680 et
865 3621 1043 3678 vestrarum
1058 3635 1139 3698 opus
1156 3635 1224 3680 ma-

269 3738 374 3784 nuum
398 3717 435 3781 in
458 3715 672 3800 ignominiam
697 3717 795 3782 vestri
821 3717 974 3782 deleatur.
1020 3716 1225 3801 Quapropter

269 3819 385 3884 honori
398 3826 504 3883 vestro
519 3819 734 3903 supplicamns
750 3826 783 3885 et
798 3819 918 3902 glorioe,
932 3826 970 3882 ut
985 3817 1115 3883 direotis
1126 3819 1223 3902 jussi-

270 3921 340 3986 onis
358 3927 473 3986 vestroe
491 3921 592 3986 literis
612 3921 779 3986 dominum
797 3920 1068 3985 Salesberiensem
1082 3941 1223 3986 eommo-

269 4024 383 4102 neatis,
397 4032 436 4088 nt
450 4022 539 4088 ultra
558 4024 652 4088 illum
675 4044 772 4108 quem
793 4022 825 4088 ei
846 4023 996 4088 statuetis
1016 4022 1104 4088 diem
1124 4022 1223 4087 bene·

270 4125 444 4190 dictionem
458 4126 528 4210 ejus
542 4147 611 4190 non
626 4124 764 4203 differat,
775 4131 810 4189 et
821 4125 907 4209 quod
922 4124 950 4189 si
963 4145 1046 4190 verae
1060 4123 1224 4207 religionis

269 4235 393 4294 amator
407 4235 466 4308 est,
482 4228 591 4293 animo
606 4236 699 4311 grato
713 4228 881 4293 voluntate
899 4225 1138 4310 promptissima
1152 4225 1223 4308 jam

270 4328 380 4396 fecisse
396 4330 552 4396 debuerat
566 4337 672 4396 vestra
687 4331 800 4395 saltem
817 4329 1008 4394 auctoritate
1024 4330 1093 4411 jam
1111 4347 1224 4393 secun-
