3225 5192
663 455 694 522 'r

247 676 257 702 '
305 720 326 734 ··
383 700 428 762 40
620 703 792 762 'crnnenrr
811 713 1089 769 concusseris

234 824 242 842 '
382 831 514 912 mimus,
527 837 566 895 nt
586 827 780 902 sublimitati
791 835 906 896 mun
920 830 1019 894 etism
1033 851 1093 915 pro
1106 837 1247 914 cognato
1265 851 1342 895 nos·
1383 902 1390 919 ¹

383 943 435 1004 tro
455 933 611 1002 nanfico
631 933 795 1000 censsimo
815 933 856 1003 lt
877 931 918 1000 de
938 932 1215 1017 Beoumispreces
1234 955 1274 998 ex
1294 934 1342 998 nf-

382 1037 471 1106 tectu
496 1037 707 1120 porrignmns,
733 1035 886 1120 quatinus
911 1055 988 1100 enm
1013 1033 1050 1100 in
1075 1036 1217 1100 ecclesiae
1241 1037 1342 1122 ipsios

383 1137 541 1206 benolide
554 1139 733 1206 admittetis
749 1158 847 1224 quarn
861 1137 924 1202 sibi
939 1137 1149 1204 Cicestrensis
1168 1140 1266 1224 pluto
1285 1140 1343 1205 do·
1393 1164 1397 1173 ·
1477 1159 1486 1179 ·

382 1243 517 1309 ustione
529 1243 699 1321 concessit,
715 1249 748 1308 ot
768 1241 810 1307 eb
830 1241 1023 1306 anctoritate
1036 1249 1144 1307 vestre
1157 1242 1343 1311 donseionls

187 1328 193 1342 ⁹
314 1321 332 1435 Ἰ
383 1345 613 1430 astipulatione
628 1344 813 1413 confirmari
831 1344 981 1428 precibus
997 1345 1098 1413 etiam
1116 1345 1271 1430 porrectis
1288 1367 1343 1410 en-

298 1498 307 1520 .
383 1449 497 1534 poscit,
542 1449 586 1516 Et
604 1447 737 1533 quidem
757 1447 853 1514 illum
866 1447 908 1512 R.
923 1456 1030 1514 vestre
1049 1448 1144 1514 nobis
1164 1449 1343 1532 plurimum

384 1551 625 1620 commendaret
639 1551 752 1629 ontio,
768 1551 797 1616 si
816 1571 883 1618 non
897 1550 1039 1618 eundem
1055 1551 1092 1616 in
1111 1551 1257 1637 publicu
1272 1552 1342 1637 jem

385 1656 442 1723 diu
457 1654 688 1738 gratulationes
702 1660 891 1737 susceptum
910 1653 998 1718 fame
1016 1655 1167 1719 omnibns
1184 1655 1344 1721 ostendis-

385 1763 445 1837 set,
460 1763 574 1842 utpote
588 1758 702 1835 virum,
718 1755 770 1820 oui
790 1763 826 1822 et
844 1755 887 1821 ed
908 1755 1090 1824 doctrinm
1104 1759 1240 1824 scientie
1252 1767 1286 1825 et
1301 1759 1343 1824 od

270 1840 292 1946 ,¹
385 1859 589 1926 honestatem
608 1880 713 1924 mores
724 1858 917 1940 exuberant,
932 1860 1038 1926 virum
1052 1861 1124 1928 Deo
1139 1863 1275 1947 dignum
1289 1884 1343 1928 oc-

385 1961 497 2048 cupari
515 1963 652 2041 servitio,
669 1961 765 2028 simul
784 1969 820 2026 et
838 1962 1003 2030 beneficiis
1021 1965 1180 2049 ampliori,
1192 1973 1231 2032 nt
1245 1966 1344 2030 unius

386 2065 547 2150 elegantia
558 2064 662 2148 operis
677 2071 710 2130 et
725 2063 820 2132 nobis
835 2066 974 2149 gretiam
988 2067 1102 2133 virtuti
1116 2068 1215 2134 etium
1229 2073 1343 2133 vestrae

242 2217 246 2222 -
385 2169 522 2280 gloriam
536 2167 743 2253 impendatis.

526 2534 749 2609 emenone
773 2535 1030 2604 XXVIII.-so
1046 2557 1203 2606 conone.

387 2711 554 2779 Patribus
569 2717 601 2776 et
619 2707 741 2776 domino
760 2711 794 2776 T.
810 2711 873 2776 Dei
882 2714 991 2795 pretio
1007 2711 1227 2777 tantm
1240 2711 1344 2774 crebi-

431 2817 571 2900 epr'rcopo
591 2819 622 2878 et
640 2815 736 2878 toties
749 2815 873 2898 Anplioe
884 2814 1029 2896 primati,
1036 2811 1148 2895 frater
1164 2811 1204 2881 G.
1222 2814 1345 2877 Glosse-

432 2922 500 2982 trioe
520 2919 621 2982 dicim
640 2917 745 2996 obbas,
765 2919 801 2980 irs
818 2919 943 3000 repione
962 2917 1087 2981 lumirts’s
1106 2922 1212 2999 optato
1232 2917 1277 2980 od
1293 2921 1345 2980 oo·

432 3029 498 3092 m
504 3021 633 3104 perfrui
647 3021 810 3086 desider-io.

432 3188 586 3252 Peucon*
608 3185 799 3254 sublimitati
820 3194 944 3266 restrae,
967 3188 1083 3255 dilecte
1106 3191 1257 3274 poterin
1277 3191 1345 3256 Do-

389 3290 489 3370 mino
501 3289 668 3354 dominnm
684 3297 717 3356 et
731 3297 859 3373 petrem
872 3298 1021 3356 nostrum
1036 3292 1206 3358 dominum
1215 3294 1347 3378 Wigor.

387 3393 537 3464 uiensem
558 3412 789 3476 responsurum
813 3393 1016 3478 quibusdem,
1039 3417 1112 3478 quse
1134 3396 1197 3460 sibi
1219 3394 1347 3480 objecto

391 3500 478 3576 sunt,
502 3497 544 3562 ed
568 3496 766 3562 audientiam
789 3503 930 3564 vestrm
954 3519 1096 3563 evocare.
1140 3499 1212 3564 Neo
1236 3500 1345 3564 minus

388 3599 437 3664 illi
456 3599 633 3685 complacet
649 3599 788 3684 jussioni
806 3605 841 3664 et
859 3599 1020 3665 voluntati
1037 3607 1152 3669 vestm
1174 3601 1287 3666 devote
1308 3603 1346 3666 in

391 3703 541 3768 omnibus
556 3703 697 3768 obedire.
742 3703 842 3767 Unde
860 3703 896 3766 in
915 3704 1003 3768 omni
1022 3704 1139 3769 timore
1158 3705 1293 3768 Domini
1311 3711 1346 3768 et

391 3805 496 3872 cordis
514 3805 698 3871 humilitate
717 3805 806 3870 venit
827 3804 869 3869 ed
884 3804 1110 3892 judicem‚spe
1129 3814 1241 3870 temen
1260 3805 1348 3870 boue

392 3917 425 3974 et
439 3916 510 3974 tote
524 3907 667 3972 nriutis
680 3906 885 3992 plenitudine
898 3907 1030 3972 festinat
1045 3907 1086 3972 ad
1101 3916 1237 3993 patrem.
1273 3907 1348 3973 Nec

391 4018 441 4077 est
456 4011 542 4095 quod
560 4010 597 4074 in
612 4009 735 4094 judicio
749 4009 850 4098 petris
864 4009 1014 4076 formidet
1028 4010 1125 4089 lilius,
1140 4025 1242 4094 quom
1255 4011 1346 4074 intus

391 4115 478 4201 apud
493 4120 617 4198 patrem
633 4113 684 4192 sit,
701 4112 758 4197 qui
777 4134 835 4197 pro
853 4113 924 4197 ipso
943 4113 1050 4196 pulset
1069 4121 1104 4178 et
1122 4121 1234 4178 exorat
1251 4112 1348 4178 effec-

391 4225 459 4284 tus.
487 4217 541 4282 Ne
554 4223 667 4281 temen
680 4215 717 4280 in
731 4230 835 4280 cauere
848 4217 1016 4299 praesentis
1027 4217 1228 4301 inspectione
1242 4223 1350 4281 vester

393 4321 550 4406 osfigeun
564 4320 685 4400 oculus,
701 4317 788 4409 qnod
809 4318 904 4384 nobis
916 4319 997 4384 inde
1008 4325 1123 4384 notum
1138 4326 1191 4389 est
1201 4314 1350 4399 discreti
