3225 5192
394 646 459 709 218
705 664 867 709 sensnum
886 666 1036 709 nmscom

394 782 468 847 dam
489 782 726 847 aestimavimus.
775 782 933 846 Ricardus
953 802 1027 847 vero
1046 781 1153 848 denuo
1172 804 1271 867 penes
1288 807 1348 851 nos

393 886 529 969 experiri
543 906 684 949 renuens
698 906 767 949 rem
783 885 910 949 distulit
925 885 967 948 ud
981 888 1185 950 sanctitatem
1197 895 1346 968 vestrum,

393 988 433 1053 ad
452 990 572 1053 festum
593 990 697 1052 sancti
711 988 834 1071 AEgidii
852 989 1033 1071 appellavit.
1078 990 1196 1054 Valere
1216 1012 1271 1055 vos
1291 1014 1346 1076 op·

392 1099 498 1155 temus
514 1092 548 1155 in
564 1092 715 1169 Domino,
731 1098 824 1175 pater
837 1090 872 1153 in
888 1090 1017 1155 Christo
1032 1089 1204 1155 uerissime.

544 1614 763 1679 EPISTOLA
787 1614 1017 1679 cmxli-sn
1034 1638 1189 1681 sounnss.

390 1810 484 1873 Patri
509 1829 564 1873 suo
589 1814 619 1872 et
645 1810 776 1887 domino,
802 1830 920 1873 summo
939 1811 1083 1892 pontifici
1109 1813 1150 1875 A.
1168 1812 1279 1894 frater
1304 1816 1341 1877 G.

432 1914 654 1975 Lmedouimsis
676 1914 810 1976 ecclesie
827 1915 977 1993 minister,
993 1916 1133 1979 deuotum
1147 1918 1292 1980 caritatis
1313 1923 1343 1980 et

433 2015 817 2097 obedientioefomulutum.

433 2227 603 2306 Pennino,
634 2235 736 2311 pater,
767 2229 809 2292 sd
837 2250 897 2294 nos
927 2232 1082 2295 mundato
1111 2240 1217 2297 vestro
1247 2254 1342 2317 super

389 2330 506 2393 comite
536 2328 679 2413 Hugone
716 2338 748 2395 et
778 2332 943 2398 Willelmo
973 2334 1013 2398 de
1038 2334 1139 2413 Vsus,
1169 2334 1341 2419 debitoque

390 2432 593 2496 veneratione
608 2441 764 2517 suscepto,
777 2456 884 2499 eomes
897 2434 997 2519 Hugo
1012 2437 1136 2501 nuntiis
1151 2438 1225 2501 ilico
1240 2438 1339 2501 direc-

387 2538 429 2601 tis
445 2538 485 2601 ud
500 2560 569 2615 nos,
586 2538 678 2601 anxie
693 2546 888 2623 conquestus
903 2547 962 2617 est,
978 2540 1093 2603 fratres
1108 2541 1148 2604 de
1163 2542 1340 2605 Panteneiu

387 2642 422 2704 in
447 2641 611 2705 laesionem
635 2662 727 2705 suam
752 2650 891 2706 vestrum
915 2642 1160 2707 circumvenisse
1183 2644 1337 2708 excellen-

386 2742 477 2821 tiam,
493 2750 526 2806 et
545 2744 626 2807 falsu
648 2744 854 2826 suggestione
875 2744 970 2823 hane,
986 2766 1058 2828 quse
1079 2745 1121 2808 ud
1141 2766 1283 2828 praesens
1304 2746 1338 2807 iu

387 2868 461 2909 eum
478 2846 543 2909 istu
557 2852 615 2924 est,
632 2846 826 2909 sententiam
841 2845 1028 2910 obtinuisse.
1069 2846 1249 2930 Negotium
1264 2868 1337 2911 vero

387 2950 472 3033 quod
495 2949 581 3013 inter
604 2949 773 3012 canonicos
799 2954 833 3012 et
857 2948 963 3031 ipsum
989 2948 1135 3025 vertitur,
1162 2949 1275 3013 usserit
1300 2969 1338 3012 eo

387 3073 482 3136 quem
508 3058 741 3133 consequenter
766 3051 976 3129 ostendimus,
1000 3051 1113 3115 ordine
1137 3051 1335 3133 processisse.

386 3156 506 3218 Villam
528 3154 567 3217 de
587 3154 765 3217 Panteneie
785 3153 825 3217 de
843 3152 941 3216 feudo
955 3152 1081 3216 comitis
1098 3152 1249 3236 Hugonis
1268 3172 1336 3217 esse

386 3280 484 3342 penes
499 3278 568 3341 nos,
583 3257 649 3320 fere
663 3256 773 3319 nullus
792 3256 930 3338 ignoret,
947 3276 1045 3338 quam
1064 3276 1099 3319 se
1118 3255 1282 3321 canonicis
1297 3256 1336 3319 de

386 3362 564 3426 Penteneia
577 3381 744 3443 nunquam
757 3359 891 3437 dedisse,
903 3380 1071 3441 nunquam
1087 3359 1207 3442 scripto
1221 3360 1335 3424 contir-

384 3486 498 3545 masse,
522 3466 620 3548 juret,
647 3471 680 3526 et
709 3462 813 3527 modis
838 3460 989 3527 omnibus
1018 3470 1185 3526 asseverat.
1230 3462 1336 3526 Annis

385 3588 459 3631 vero
478 3569 545 3651 jum
569 3566 694 3630 duobus
717 3565 865 3643 emensis,
883 3566 1005 3628 fatetur
1027 3586 1061 3628 se
1075 3565 1274 3628 Willelmum
1296 3565 1336 3629 de

385 3672 484 3747 Vsus,
502 3670 556 3753 qui
572 3670 678 3732 villum
690 3669 758 3753 jum
774 3669 894 3732 dietum
909 3690 968 3732 suo
983 3668 1162 3733 ascribebat
1183 3669 1334 3752 putrimo-

384 3775 449 3851 nio,
463 3780 495 3837 et
506 3774 579 3856 jure
592 3772 651 3836 sibi
667 3777 848 3855 competere
863 3770 990 3834 dicebat
1004 3771 1208 3850 hereditatio,
1224 3792 1334 3855 quem-

385 3896 447 3960 que
468 3884 499 3940 et
518 3884 642 3960 patrem
663 3897 757 3939 suum
774 3876 843 3958 jem
866 3875 944 3938 dicti
963 3874 1109 3939 canonici
1127 3875 1335 3958 possessionis

385 4000 480 4065 qnam
499 3981 535 4043 in
549 3979 624 4043 ville
642 3980 712 4063 ipso
728 3977 861 4057 hebent,
878 3985 1024 4042 suctores
1037 3978 1183 4057 laudant,
1199 3978 1336 4043 sollenni

384 4084 473 4148 ouria
487 4090 661 4148 convocate
679 4082 715 4145 in
731 4082 786 4165 jus
802 4100 939 4160 vocasse,
955 4088 989 4145 et
1003 4082 1111 4145 villum
1125 4082 1211 4145 hano
1225 4082 1334 4145 sdver-

384 4208 438 4251 sus
453 4209 538 4266 eum,
554 4193 667 4270 utpote
687 4184 771 4269 patri
791 4205 850 4249 suo
870 4205 1037 4269 nunquam
1058 4184 1222 4264 donatum,
1240 4206 1334 4249 num·

384 4312 478 4373 qumn
509 4290 700 4354 hereditario
726 4292 799 4373 jure
829 4310 1022 4368 concessam,
1049 4310 1156 4352 corum
1185 4288 1336 4353 omnibus
