3225 5192
370 698 415 762 88
617 717 777 764 ermen
796 717 916 764 ronror
932 718 1077 764 ussurus

390 1039 611 1110 uulsuous
632 1040 852 1108 xxvi-sn
867 1061 1027 1108 ιιιιοιιιιι
1042 1060 1312 1108 ιιιιιοιιιιιιιιιιι

751 1164 953 1212 trucum.

372 1298 740 1363 Patrimoetdems'no
764 1298 1327 1382 smperntmimpratuepe

415 1421 516 1485 scopu,
523 1399 634 1488 frater
646 1405 684 1467 G.
698 1403 876 1467 Gloceetrioe
890 1403 993 1468 dictus
1004 1403 1111 1485 abta,
1125 1403 1329 1470 obtimum

417 1505 552 1570 debitum
566 1512 596 1571 et
611 1527 703 1590 quum
710 1511 817 1589 potest
831 1507 1005 1571 caritatem.

416 1659 585 1723 Drusum
605 1657 708 1724 literis
727 1679 838 1743 preces
852 1665 967 1726 vestrae
982 1657 1173 1726 sublimitati
1186 1659 1327 1746 porrexi·

373 1781 457 1840 mus,
479 1769 517 1825 ut
539 1781 678 1840 causum,
700 1783 772 1844 quoe
792 1761 829 1826 in
842 1760 1059 1827 Wimundum
1080 1761 1233 1828 desitum
1253 1782 1327 1826 nos-

372 1870 463 1928 trum
485 1862 726 1943 intendebatur,
749 1884 853 1946 usque
878 1864 920 1927 ud
947 1863 1089 1928 reditum
1113 1871 1264 1928 nostrum
1287 1885 1328 1928 ex

373 1965 441 2030 solu
456 1964 561 2049 petie
575 1965 755 2030 differretis.
794 1963 869 2032 Hoc
881 1972 994 2032 tumen
1008 1965 1116 2034 dtiori
1128 1966 1329 2051 providentie

231 2068 236 2078 '
373 2068 467 2136 aliter
488 2075 598 2137 sctum
619 2075 679 2148 est,
695 2075 729 2134 et
750 2075 801 2134 est
823 2069 854 2134 ei
873 2069 1024 2153 purgatio
1045 2069 1164 2155 objecti
1184 2069 1329 2136 criminis

372 2191 431 2256 per
445 2192 580 2236 menum
594 2171 765 2255 septimum
780 2171 974 2255 adjudieutu
1020 2171 1119 2238 Unde
1132 2179 1272 2238 vestrm
1290 2193 1329 2238 ex

374 2293 484 2345 emere
504 2273 728 2360 presumeudo
749 2295 903 2358 rogemus
922 2273 1189 2357 benevolentium,
1203 2282 1242 2340 ut
1256 2297 1328 2342 seu·

373 2375 512 2442 tendum
532 2375 617 2440 hunc
637 2396 677 2440 ee
695 2397 760 2460 que
777 2377 914 2460 potestis
931 2377 1151 2444 miseneurdis
1170 2385 1329 2462 tempere·

373 2477 426 2561 tis,
443 2489 476 2542 et
494 2499 561 2561 que
579 2477 723 2544 debeatis
741 2471 869 2546 ratidne
887 2478 1043 2563 levigetis.
1089 2478 1187 2544 Seit'n
1200 2499 1277 2546 vero
1294 2480 1331 2544 in

369 2580 479 2646 tunsis
499 2580 598 2646 etium
617 2581 825 2648 secularibus
846 2589 1006 2665 quuntum
1026 2581 1132 2649 enveri
1152 2582 1264 2660 solent,
1286 2603 1331 2648 ne

375 2681 431 2768 qui
448 2682 551 2767 judex
572 2689 632 2762 est,
654 2704 724 2750 sese
745 2691 966 2750 ueeusutorem
977 2683 1145 2762 exhibent,
1163 2683 1227 2750 nisi
1245 2683 1330 2752 forte

375 2791 521 2856 cessante
536 2792 720 2852 ueemeture
734 2786 776 2852 ud
790 2786 853 2852 hoc
865 2786 973 2872 ipsum
986 2785 1117 2872 publiea
1130 2785 1266 2870 sliuujns
1279 2787 1330 2852 in·

374 2888 508 2955 tametio
527 2889 709 2974 eumpellst.
755 2889 854 2957 Quod
867 2889 1008 2975 sijudiei
1022 2889 1215 2973 quandoque
1228 2889 1331 2955 eunti·

375 2991 469 3076 gerit,
484 2991 520 3056 in
534 2992 597 3058 hoe
608 2991 680 3076 ipso
693 3013 761 3057 non
772 2993 843 3077 jum
857 2999 1032 3071 uueusstor,
1047 2991 1105 3058 sed
1117 2992 1213 3058 nnn
1225 2991 1330 3076 publi·

375 3114 422 3160 0ae
439 3093 624 3177 prolocutor
641 3095 761 3172 existit,
775 3115 840 3160 nee
852 3095 972 3180 judicis
991 3094 1054 3160 sibi
1073 3096 1159 3162 tollit
1179 3095 1330 3175 officium,

374 3197 581 3280 persequenti
595 3196 690 3262 fame
703 3197 788 3262 vocis
802 3198 1021 3283 impendendo
1034 3198 1234 3284 suffrngn'nnu
1265 3197 1331 3264 Sed

376 3297 413 3364 in
427 3318 524 3363 ceusu
537 3299 599 3364 hue
614 3299 708 3366 eliter
721 3319 772 3365 res
787 3307 847 3366 est.
895 3301 1023 3366 Scimus
1040 3301 1215 3386 veroquid
1234 3301 1332 3368 vieini

374 3401 525 3480 clement,
540 3401 619 3485 quid
633 3423 688 3468 ore
702 3403 880 3469 miulturum
892 3405 1030 3489 populus
1044 3411 1227 3471 attestetur.
1257 3405 1329 3469 Fce-

376 3506 553 3570 minuero
567 3505 633 3584 illu,
648 3505 690 3574 de
705 3527 769 3590 qun
782 3507 981 3574 Wimnndus
995 3509 1151 3594 argutus,
1173 3529 1241 3574 nou
1260 3508 1332 3592 ipse

375 3613 512 3692 eogeute
526 3608 578 3674 vel
591 3608 759 3689 suadente,
774 3609 832 3676 sed
849 3611 950 3677 fratre
969 3611 1071 3697 ipsius
1089 3611 1226 3677 Eilwino
1244 3631 1332 3697 pres·

374 3709 490 3796 bpteru
508 3719 715 3796 perurgente,
734 3713 771 3780 in
790 3713 936 3780 obsidem
959 3736 1020 3800 pro
1037 3715 1157 3782 marito
1176 3737 1237 3781 suo
1255 3735 1331 3780 eon·

375 3833 466 3882 essse
487 3821 586 3899 utque
609 3815 734 3882 directe
756 3823 817 3882 est.
862 3817 1037 3904 Quumque
1058 3819 1116 3886 iile
1137 3818 1333 3898 mitteretur,

375 3937 470 4002 opem
499 3917 547 3984 illi
576 3917 720 3986 debitum
743 3919 942 3984 Wimundus
970 3941 1040 3985 non
1068 3919 1239 4000 subtraxit,
1265 3919 1332 3998 sed,

375 4028 472 4106 prout
502 4020 693 4105 suppetebat
721 4021 868 4103 facultas,
893 4021 1036 4107 benigne
1051 4018 1209 4090 'eontulit
1253 4023 1333 4089 Post

376 4123 474 4189 etium
493 4123 626 4189 fratrem
648 4145 743 4188 suum
756 4125 917 4189 'maritum
937 4125 1058 4191 scilieet
1073 4125 1216 4211 ejusdem
1229 4146 1333 4209 usque

377 4226 419 4291 ad
439 4226 625 4292 inimicitius
645 4233 861 4312 persequutus
880 4234 940 4310 est,
959 4235 999 4293 ut
1013 4228 1164 4315 ejusdem
1184 4229 1332 4313 redemp-

316 4421 324 4436 ι
376 4330 459 4399 tioni
481 4331 634 4398 effeetivoe
655 4352 786 4418 operam
808 4332 910 4400 duret.
956 4324 1053 4402 Quid'
1068 4355 1146 4420 ergo
1167 4333 1196 4400 si
1215 4335 1333 4400 mulier
