3225 5192
398 669 464 734 360
655 639 659 647 ¹
719 685 876 736 mesenas
891 683 1035 735 urmeorr

397 807 470 872 dem
494 799 558 872 tine
580 805 744 889 eompleti-
790 805 1002 882 Gratulamur
1024 803 1175 888 equidem
1200 813 1235 868 et
1257 804 1355 888 plena

395 911 516 976 urentis
527 909 730 994 jocunditate
745 909 981 994 perfundimur,
995 908 1204 996 attendentes
1218 929 1353 974 menum

284 1008 292 1022 ’
398 1007 531 1085 1)οωίιὶ
550 1013 655 1079 multa
673 1013 775 1096 gloria
797 1011 1013 1087 deducentem
1031 1031 1088 1076 voa
1104 1019 1137 1074 et
1159 1033 1180 1076 o
1199 1011 1293 1103 bouis
1307 1011 1355 1084 ,ud

397 1117 530 1182 meliora
543 1117 699 1182 eontinuo
714 1115 965 1199 pertrahentem.
1011 1115 1092 1180 Hseo
1106 1114 1191 1183 euim
1207 1123 1267 1196 est,
1282 1137 1356 1198 quae

398 1241 453 1286 vm
479 1241 500 1288 o
524 1219 639 1286 mundi
662 1219 761 1304 hujus
788 1219 906 1284 avulsit
930 1217 1195 1302 illecebrisque
1220 1241 1275 1284 ros
1295 1240 1353 1302 per

368 1313 374 1323 ’
398 1326 517 1410 gradus
542 1324 702 1390 virtutum
727 1321 900 1400 deducens,
924 1320 1030 1386 sobrie
1055 1322 1097 1385 sb
1118 1320 1234 1385 humili
1256 1342 1354 1406 qums

394 1423 562 1511 elegeratis
583 1427 663 1504 loeo,
680 1426 745 1490 suis
768 1434 864 1488 utens
883 1423 988 1488 verbis
1009 1424 1127 1508 quibus
1148 1423 1289 1488 humiles
1309 1431 1350 1489 ut

397 1532 544 1615 superius
579 1529 754 1594 ascendant
791 1528 883 1592 affari
914 1527 1089 1604 eonsuerit,
1119 1526 1160 1590 ad
1192 1527 1355 1610 pastorale

396 1633 528 1702 untes
548 1633 618 1717 jam
638 1631 777 1711 culmen,
793 1631 900 1694 multo
912 1631 1073 1695 bonorum
1086 1629 1302 1706 oonniveutis,
1317 1639 1351 1693 et

398 1737 547 1802 unanimi
566 1736 704 1800 fratrum
728 1743 918 1812 vestrorum,
946 1741 984 1799 ut
1010 1733 1169 1810 audimus,
1195 1733 1353 1796 electione

396 1839 592 1906 sublimavit.
625 1839 670 1904 Iu
686 1861 749 1921 quo
763 1835 972 1921 praevenienti
986 1835 1099 1920 gratie
1113 1835 1234 1917 gratias
1248 1834 1353 1898 reddi·

397 1965 480 2020 mus,
501 1941 720 2024 subsequenti,
741 1961 851 2024 preces
873 1939 1076 2024 porrigimus,
1098 1947 1137 2004 ut
1159 1938 1194 2002 in
1221 1937 1353 2002 sublimi

398 2047 530 2130 positus,
547 2047 580 2109 in
599 2046 695 2108 dorne
709 2043 855 2121 Domini,
870 2051 1025 2126 tauquam
1041 2043 1171 2106 virtutis
1185 2042 1352 2125 speerrhm

272 2219 276 2226 ,
397 2150 559 2226 eluceatis,
585 2155 618 2212 et
642 2149 770 2212 uirtutis
794 2149 858 2210 iter
880 2147 942 2210 hoo
966 2146 1102 2210 honeste
1124 2146 1351 2223 conversando,

396 2251 525 2321 virtutis
550 2250 757 2327 aenatoribus,
778 2258 817 2314 ut
838 2250 905 2312 dur
927 2249 969 2314 ad
990 2250 1089 2315 vitum
1110 2269 1185 2312 vere
1206 2249 1352 2331 previus,

397 2351 586 2418 ostendetis.
630 2353 709 2434 Agit
733 2351 792 2415 hoo
814 2351 870 2415 ille
887 2350 945 2435 qui
963 2373 1038 2416 suos
1060 2373 1125 2434 quo
1148 2353 1234 2416 levat
1255 2352 1352 2416 ultius

397 2453 565 2540 dignitate,
582 2477 621 2519 eo
640 2455 748 2520 firmat
768 2462 802 2519 et
821 2455 939 2518 fundet
960 2454 1093 2519 solidius
1109 2455 1303 2532 humilitate,
1318 2463 1351 2518 et

396 2561 438 2626 ad
453 2561 629 2645 perfeetum
646 2559 777 2622 eddueit
793 2579 840 2636 ea,
857 2579 929 2641 quar
943 2578 1001 2641 per
1015 2557 1115 2641 ipsius
1137 2557 1285 2641 spiritum
1309 2559 1351 2624 nl

395 2685 507 2729 omues
523 2660 714 2728 diffunditur
725 2661 869 2726 caritate.
915 2660 1049 2724 Liberet
1062 2661 1097 2724 in
1112 2661 1201 2725 hunc
1216 2659 1353 2726 modum

396 2765 591 2830 fraternitati
607 2773 720 2828 vestrae
735 2765 829 2848 plurs
843 2757 1027 2846 suggerere,
1042 2763 1098 2827 sed
1118 2764 1230 2828 oonfisi
1246 2763 1351 2843 dees,

396 2891 468 2952 quae
486 2889 541 2932 vos
563 2869 652 2931 intus
675 2868 870 2951 adplenum
893 2866 1005 2931 edooet
1026 2867 1190 2944 unctione,
1211 2867 1258 2933 illi
1280 2867 1353 2932 velo

337 3051 344 3063 ,
396 2978 502 3036 vestre
516 2971 758 3049 committimus,
775 2991 871 3053 quem
887 2990 961 3034 suos
976 2969 1018 3033 od
1032 2978 1162 3052 portum
1175 2969 1352 3054 perducere

349 3103 353 3112 ·
395 3075 564 3159 enavigata
577 3074 693 3139 mundi
707 3074 804 3158 hujus
819 3080 1021 3158 tempestate,
1034 3073 1124 3140 suari
1138 3073 1242 3138 mueti
1257 3072 1350 3157 spiri-

316 3164 321 3173 ’
395 3187 453 3244 tus
464 3199 542 3242 auro
557 3179 646 3241 sinus
661 3177 821 3241 mentium
836 3176 971 3240 feliciter
985 3174 1151 3259 implente,
1166 3183 1256 3239 certa
1268 3176 1351 3240 veri·

393 3289 462 3348 tate
492 3280 709 3364 eognovimus.
755 3279 809 3343 Ad
837 3280 931 3342 illum
960 3264 1071 3343 stilum
1101 3279 1265 3357 vertimrm,
1291 3301 1351 3362 pro

395 3407 459 3468 quo
473 3385 562 3450 vobis
577 3383 618 3449 sd
633 3405 772 3467 praesens
792 3381 953 3447 scribendi
967 3382 1193 3446 necessitatem
1208 3383 1349 3466 susoepi-

395 3509 478 3552 mus.
522 3487 598 3550 'Pria
626 3487 661 3550 in
690 3486 847 3570 petitione
872 3484 1090 3570 proponimus,
1117 3484 1152 3548 in
1182 3485 1300 3568 quibus
1328 3505 1348 3548 a

395 3590 567 3654 serenitate
585 3595 690 3652 vestra
710 3588 864 3667 exaudiri,
880 3596 951 3652 toto
970 3587 1090 3652 mentis
1110 3587 1238 3666 effectu,
1253 3595 1348 3652 tanta
1441 3588 1446 3598 '

395 3692 511 3756 enimse
526 3691 684 3776 pulsantis
698 3691 855 3757 instantis
865 3691 1075 3774 postulemus,
1083 3699 1155 3781 ¹tres
1171 3712 1229 3776 pro
1243 3691 1349 3756 tribua
1447 3698 1453 3706 '

395 3793 436 3858 ad
460 3813 600 3878 praesens
619 3793 712 3878 quasi
731 3793 895 3875 legatione
910 3793 1086 3877 fungimur.
1134 3791 1181 3856 Hi
1202 3801 1279 3857 sunt
1301 3793 1349 3857 ‹li-

394 3901 497 3964 leetus
512 3898 597 3962 filius
611 3905 722 3962 noster
734 3899 886 3962 Baderun
902 3896 942 3961 de
957 3897 1156 3962 Muuemue.
1175 3945 1183 3961 .
1201 3946 1208 3961 .
1227 3945 1234 3960 .
1250 3898 1348 3961 eecle-

395 4005 449 4066 siae
472 4009 583 4066 vestre
604 4002 799 4080 benefacer,
823 4009 856 4066 et
881 4002 1004 4066 amieos
1028 3986 1140 4065 noste
1161 4001 1196 4064 in
1218 4001 1350 4064 oense

394 4107 587 4184 carissimus,
604 4103 765 4170 Robertns
786 4105 841 4188 [de
852 4106 968 4168 Castro
982 4104 1079 4190 novo]
1100 4104 1141 4168 de
1155 4103 1348 4172 Casteillun-

393 4231 477 4288 ereo,
494 4209 615 4273 amicus
633 4215 736 4272 vester
751 4207 883 4274 humilis
900 4215 934 4272 et
949 4207 1093 4272 devotus.
1139 4209 1246 4292 Luget
1261 4208 1348 4271 enim

398 4315 545 4378 Baderun
574 4313 707 4396 pristina
737 4319 909 4395 parentum
939 4333 1081 4391 suorum,
1113 4321 1147 4376 et
1176 4333 1234 4375 sua
1260 4317 1347 4397 post-
