3225 5192
395 655 460 718 328
707 675 868 718 arissam
887 672 1036 720 rrsscors

518 1006 738 1072 EPISTOLA
761 1005 1068 1071 Genava-sn
1084 1024 1229 1068 sosoma.

399 1141 437 1204 G.
454 1141 514 1204 Dei
532 1143 641 1224 qratia
662 1141 887 1206 Londonieneis
907 1143 1077 1224 episcopas,
1094 1140 1215 1203 dilectis
1236 1137 1298 1201 sibi
1318 1139 1352 1200 in

439 1245 582 1322 Domino,
608 1247 758 1309 ninivensis
783 1245 918 1327 ι’]’ωάαη
941 1245 1074 1307 ecclesie
1089 1243 1296 1325 parochianis
1320 1247 1351 1305 et

432 1347 523 1430 filiis,
538 1349 676 1428 coloten,
689 1350 838 1432 oratiam,
854 1355 884 1412 et
900 1347 1146 1412 benedictionem.

441 1498 597 1564 Laconas
619 1499 653 1563 hi
676 1501 895 1585 praeentiam,
917 1498 1027 1564 nuntii
1049 1505 1126 1562 sunt
1148 1499 1351 1562 infirmorum

398 1601 439 1665 de
454 1599 646 1680 Berseram',
662 1602 718 1686 qni
738 1623 797 1686 per
815 1603 901 1687 ipsos
924 1624 1016 1667 suam
1036 1601 1125 1666 vobis
1144 1601 1353 1666 ostendentes

397 1703 549 1787 inopiam,
576 1702 689 1768 devote
712 1703 904 1786 supplicant,
927 1712 965 1766 nt
988 1701 1031 1767 ob
1055 1701 1117 1766 Dei
1139 1702 1353 1766 reverentiam

399 1804 460 1869 sibi
480 1804 685 1884 subveniatis,
701 1815 734 1870 et
754 1805 794 1869 de
815 1804 957 1890 hisquae
975 1803 1065 1870 vobis
1085 1804 1195 1869 divina
1213 1804 1353 1868 contulit

398 1907 625 1986 misericordia,
641 1909 683 1973 ad
701 1931 812 1974 eorum
829 1907 1059 1973 sublevandam
1073 1908 1216 1972 inediam
1230 1906 1351 1971 benefi-

398 2011 484 2076 cium
505 2011 634 2095 aliquod
654 2019 751 2096 prout
770 2011 860 2076 vobis
880 2011 1040 2075 Dominus
1059 2010 1272 2096 inspiraverit,
1291 2010 1351 2074 im·

397 2115 553 2198 pertiatis.
600 2114 744 2179 Quorum
762 2114 910 2198 precibus
925 2135 984 2179 nos
999 2135 1128 2201 quoqne
1143 2136 1254 2200 preces
1271 2113 1351 2198 adji-

398 2216 511 2296 cimus,
527 2227 678 2300 rogantes
699 2225 732 2282 et
753 2218 961 2284 exhortantes
980 2219 1016 2282 in
1035 2219 1187 2297 Domino,
1202 2227 1241 2284 nt
1255 2219 1353 2284 corda

398 2327 504 2385 vestra
526 2319 647 2386 Christi
669 2321 864 2406 pauperibus
887 2322 1046 2408 aperiatis,
1062 2330 1096 2386 et
1118 2322 1197 2386 dum
1219 2323 1352 2406 potestis

398 2432 432 2487 et
448 2424 536 2489 vobis
548 2425 613 2488 vita
628 2433 789 2509 superstes
801 2433 859 2503 est,
873 2425 1052 2490 Dominum
1066 2425 1103 2488 in
1119 2425 1272 2491 membris
1286 2425 1351 2488 suis

398 2527 597 2605 honorando,
613 2528 693 2592 illud
709 2529 750 2593 ad
766 2529 951 2593 memoriam
968 2529 1133 2606 revocetis,
1144 2528 1230 2612 quod
1240 2529 1307 2592 suis
1317 2528 1353 2591 in

399 2631 464 2695 fine
488 2631 633 2695 dicturus
657 2639 726 2697 est:
751 2632 868 2699 ‘Quod
888 2633 945 2695 uni
968 2653 1006 2696 ex
1029 2631 1172 2696 minimis
1195 2633 1276 2696 meis
1297 2632 1354 2715 qui

398 2733 435 2797 in
450 2756 502 2798 me
517 2735 664 2812 credunt,
674 2735 788 2814 fecisti,
804 2734 885 2798 mihi
896 2735 1036 2814 fecistis,’
1047 2743 1081 2800 et
1096 2735 1157 2799 hoc
1170 2757 1238 2819 prse
1252 2735 1353 2800 oculis

400 2836 551 2902 habendo
575 2847 609 2901 et
630 2858 725 2922 opere
751 2836 951 2922 complendo,
976 2838 1063 2922 qnod
1084 2837 1138 2902 hic
1159 2837 1354 2922 pauperibus

400 2941 522 3006 Christi
546 2941 587 3006 ob
611 2942 681 3025 ejus
704 2942 916 3006 reverentiam
941 2942 1157 3025 erogaveritis,
1180 2942 1217 3006 in
1240 2941 1353 3006 futura

398 3043 465 3106 vita
488 3043 523 3106 in
547 3043 736 3128 centuplum
757 3043 928 3126 recipiatis.
974 3042 1041 3108 Qui
1061 3065 1138 3108 vero
1159 3045 1278 3108 nostris
1299 3065 1352 3109 ac·

400 3144 593 3229 quiescendo
613 3147 754 3225 monitis,
771 3147 818 3210 eis
836 3147 871 3210 in
895 3145 1003 3232 aliquo
1017 3146 1058 3211 ad
1072 3147 1147 3213 vita
1164 3149 1352 3212 sustentati·

399 3269 495 3313 onem
514 3269 574 3332 pro
589 3248 718 3314 Christo
737 3249 955 3328 subvenerint,
972 3248 1012 3314 de
1031 3250 1102 3336 ejus
1123 3252 1236 3316 confisi
1256 3251 1351 3316 mise·

399 3353 544 3432 ricordia,
561 3353 601 3418 de
620 3353 770 3440 injuncta
789 3353 849 3418 sibi
871 3353 1065 3439 poenitentia
1085 3352 1195 3418 decem
1215 3354 1284 3418 dies
1304 3374 1352 3417 re·

398 3458 554 3522 laxamus.

512 3677 734 3743 EPIS'POLA
754 3678 1078 3745 CCXXXVll.-an
1095 3701 1240 3744 assona.

403 3829 441 3892 G.
457 3830 519 3893 Dei
537 3831 645 3913 oratio
665 3830 888 3894 Londoniensis
909 3833 1077 3913 episcopas,
1093 3831 1217 3895 dilectis
1237 3831 1298 3895 eibi
1318 3833 1353 3894 in

444 3933 586 4012 Domino,
602 3934 839 4012 archidiaconis,
856 3935 990 4014 decanis,
1011 3941 1041 3998 et
1061 3935 1199 3999 omnibsa
1217 3937 1251 3998 in
1269 3936 1352 3998 Lon-

443 4037 582 4102 doniensi
613 4039 735 4102 diecesi
768 4041 945 4103 constitutis
974 4041 1173 4104 ecclesiaram
1196 4041 1352 4122 palatis,

444 4143 583 4221 saisias,
596 4144 744 4225 qratiam,
761 4148 791 4205 et
806 4143 1052 4206 benedictionem.

446 4291 488 4358 In
509 4293 580 4358 luce
600 4293 732 4357 lucerna
746 4314 826 4378 opus
841 4315 907 4358 non
923 4302 982 4371 est,
997 4302 1031 4359 et
1046 4317 1120 4360 cum
1137 4292 1215 4378 qnid
1230 4275 1280 4358 sni
1299 4315 1356 4377 per
