3225 5192
416 663 481 728 286
728 681 888 726 crassam
904 681 1056 726 srrscors

415 797 489 862 ilico
503 795 688 874 sustulistis,
704 801 738 860 et
752 803 822 860 tam
835 815 946 879 regem
961 816 1060 878 quam
1073 816 1213 879 regnum
1226 797 1263 860 in
1277 818 1370 862 scan-

416 899 525 964 dalum
554 899 680 964 cunctis
708 905 796 963 retro
825 899 906 963 actis
933 897 1001 962 sere
1029 899 1158 983 gravius
1186 899 1370 984 impulistis.

416 1001 553 1066 Avertat
578 1003 668 1066 Deus
695 1001 793 1065 finem
818 1023 914 1085 quem
939 1002 1072 1084 negotio
1101 1003 1147 1066 sic
1175 1004 1370 1086 procedente

415 1105 600 1183 metuimus,
625 1104 681 1188 qui
710 1125 752 1168 ne
782 1104 901 1170 nostris
926 1111 1075 1188 erumpat
1103 1106 1303 1188 temporibus
1328 1108 1370 1172 ob

414 1207 570 1272 honorem
600 1206 664 1272 Dei
693 1215 726 1271 et
756 1215 877 1272 saum
905 1209 1047 1274 ecclesise
1074 1211 1297 1290 reverentiam,
1327 1212 1370 1276 cb

415 1319 558 1376 vestrum
586 1310 614 1375 si
642 1311 748 1396 placet
774 1311 990 1392 commodum,
1017 1313 1059 1378 ob
1085 1314 1173 1396 pacis
1198 1335 1368 1379 commuue

415 1415 548 1494 bonum,
565 1413 606 1480 ob
622 1415 800 1480 minuenda
821 1414 982 1494 scandala,
997 1423 1031 1480 et
1045 1438 1118 1500 quse
1139 1417 1272 1482 turbata
1292 1427 1369 1484 sunt

416 1518 458 1583 ad
479 1539 601 1603 pacem,
613 1517 748 1602 juvante
762 1519 906 1584 Domino
923 1520 1112 1600 revocanda,
1127 1521 1170 1584 ad
1190 1522 1371 1586 Dominum

415 1643 531 1706 papam
554 1621 791 1705 appellavimus,
814 1629 853 1687 at
875 1624 975 1688 vestri
996 1645 1110 1688 cursus
1132 1624 1293 1708 impetum
1314 1649 1368 1690 vos

415 1727 450 1790 in
478 1746 588 1808 regem
614 1745 715 1810 prone
744 1725 900 1811 rapientis
929 1733 964 1792 et
992 1748 1141 1811 regnum,
1171 1729 1214 1792 ad
1239 1737 1370 1814 tempus

416 1831 530 1896 saltem
545 1828 760 1894 cohibeamus.
806 1828 882 1895 Qua
900 1829 937 1892 in
957 1851 992 1894 re
1011 1829 1135 1896 bonum
1155 1839 1205 1896 est
1223 1839 1263 1896 ιιι
1282 1832 1370 1896 intra

415 1934 495 1998 fines
518 1933 682 1998 modestiae
700 1939 807 1998 vester
826 1953 860 1996 se
879 1932 957 1998 velit
979 1932 1066 1998 aelus
1087 1933 1247 2014 cohibere,
1266 1957 1310 2000 ue
1330 1946 1369 2004 ut

415 2061 529 2124 regum
546 2042 622 2124 jura
641 2041 837 2120 subvertere,
852 2041 898 2105 sic
912 2063 1040 2125 qnoque
1062 2041 1205 2108 debitam
1228 2042 1369 2109 Domim

415 2165 507 2227 papoe
525 2143 748 2221 reverentiam,
765 2145 996 2227 appellationes
1015 2145 1181 2230 adipsum
1200 2146 1369 2230 interposi-

414 2253 464 2310 tas
484 2268 551 2311 non
571 2245 784 2326 admittendo,
800 2248 898 2312 nimis
920 2271 940 2313 e
961 2249 1092 2314 sublimi
1110 2249 1242 2314 studeat
1260 2251 1369 2314 exina-

416 2350 496 2415 nire.
542 2350 640 2416 Quod
662 2350 689 2415 si
712 2352 853 2435 placeret
870 2352 1036 2417 advertere
1056 2354 1097 2417 ad
1116 2354 1288 2418 zachaeum
1301 2377 1370 2419 non

414 2453 579 2518 divertisse
617 2455 805 2534 Dominum,
836 2456 900 2520 nisi
930 2478 1005 2520 cum
1034 2456 1075 2521 de
1101 2457 1276 2522 siccomoro
1300 2459 1369 2541 jam

416 2557 643 2638 descendisset,
667 2558 904 2624 descenderetis
926 2559 1062 2624 forsitan
1090 2567 1122 2624 ct
1152 2581 1249 2644 quem
1273 2560 1368 2624 minis

416 2662 626 2746 exasperastis
635 2661 739 2726 verbis
748 2662 942 2748 alloquendo
951 2662 1091 2747 pacificis
1099 2664 1250 2748 mitigare
1260 2664 1368 2728 stude-

415 2766 493 2830 retis
505 2787 572 2830 nou
583 2765 688 2830 solum
699 2765 866 2849 exigendo,
877 2765 934 2830 sed
949 2774 983 2830 et
997 2766 1248 2832 satisfactionem
1262 2767 1369 2832 humi·

416 2868 490 2948 lem,
508 2869 569 2934 etsi
589 2870 673 2934 forte
694 2870 848 2954 injuriam
867 2891 990 2953 passus,
1008 2871 1182 2934 offerendo.
1227 2871 1370 2935 Puerum

415 2977 567 3062 apostolis
585 2977 751 3060 proposuit
770 2976 916 3060 exemplo
934 2976 1095 3041 Dominus
1109 2976 1166 3059 qui
1186 2977 1282 3040 lesus
1303 2997 1370 3039 non

415 3080 573 3158 inscitum
600 3079 728 3162 injuriae
750 3080 816 3144 cito
837 3101 906 3144 non
930 3079 1089 3156 meminit,
1114 3101 1175 3144 nec
1199 3079 1367 3163 quicquam

415 3182 573 3248 malitiose
594 3181 731 3246 moliens
752 3182 832 3247 dum
853 3204 1059 3266 magnanon
1077 3183 1207 3247 affectat
1225 3181 1297 3260 sibi,
1320 3189 1369 3247 to·
1478 3255 1482 3259 ,

416 3291 489 3350 tum
512 3285 574 3350 hoc
595 3284 779 3350 innocentis
800 3286 876 3350 vitoe
899 3285 1043 3350 remedio
1064 3286 1202 3369 vitasque
1219 3286 1368 3371 jocundi·

415 3395 483 3454 tate
502 3387 688 3473 plenissima
707 3396 939 3473 recompensat.
986 3388 1157 3472 singulare
1170 3389 1298 3453 virtutis
1314 3410 1367 3452 ex·

415 3492 538 3576 emplar
552 3492 619 3575 ipse
635 3491 756 3574 estqui
775 3513 810 3556 se
828 3492 1053 3575 crucifigentes
1072 3491 1217 3570 absolvit,
1233 3493 1289 3576 qui
1301 3492 1369 3556 lata

416 3595 551 3659 caritate
574 3601 812 3677 persequentes,
828 3602 862 3659 et
876 3595 1031 3660 odientes.
1044 3595 1146 3658 amari
1166 3595 1320 3680 precipit,
1335 3602 1369 3660 et

416 3697 442 3762 si
457 3703 567 3781 pecca
581 3697 682 3762 frater
695 3697 731 3760 in
746 3719 805 3762 nos
821 3697 947 3763 veniam
961 3719 1029 3762 non
1047 3697 1153 3762 solnm
1169 3699 1296 3784 septies,
1312 3697 1368 3764 sed

415 3810 449 3867 et
474 3802 796 3886 septuagiessepties
821 3803 960 3886 imperat
985 3801 1153 3886 impertiri.
1199 3803 1270 3867 Ista
1291 3802 1368 3885 quid
1399 3886 1401 3890 ,

415 3927 482 3970 nou
496 3911 603 3990 posset
617 3905 783 3970 humilitas
798 3905 885 3991 apud
899 3905 1068 3970 dominum
1082 3911 1231 3970 nostrum
1248 3926 1369 3988 regem,

416 4009 494 4095 quid
508 4031 575 4074 non
590 4009 752 4076 obtineret
767 4009 892 4074 viarum
905 4010 970 4074 ista
983 4009 1159 4094 perfectio?
1195 4009 1295 4073 Callis
1308 4009 1370 4072 istc

415 4123 523 4182 rectus
548 4124 608 4196 est,
631 4116 673 4180 ad
694 4137 806 4200 pacem
827 4123 915 4181 recta
936 4115 1117 4200 perducens
1124 4141 1135 4194 3
1159 4135 1257 4199 quem
1278 4124 1372 4199 pater

415 4241 491 4284 cum
513 4220 707 4286 intraveritis
731 4240 844 4303 pacem
867 4219 941 4285 ilico
964 4217 1222 4304 apprehendetis,
1246 4226 1281 4283 et
1307 4218 1371 4282 dis·

416 4325 516 4406 persis
541 4323 682 4390 tristitie
703 4323 831 4388 nebulis
853 4330 972 4388 cunda
994 4343 1083 4407 pace,
1108 4322 1227 4405 gaudio
1252 4327 1372 4386 cuncta
