3225 5192
282 707 349 750 a.n.
369 687 566 772 nol-sa]
611 711 1055 760 nouoomnnsrsnrrsronn.
1169 700 1233 763 277

283 821 357 886 dam
387 823 495 887 divino
520 830 651 888 tantum
678 827 750 910 jure
776 849 939 910 possessa;
964 829 1001 894 in
1025 831 1077 893 his
1102 830 1235 895 decimae

280 931 495 989 numerantur
509 925 689 991 oblationes
712 936 744 993 et
766 929 927 1013 primitia,
942 953 1014 1015 quse
1035 933 1235 1017 segregando

281 1027 343 1090 sibi
358 1029 568 1092 sanctificavit
583 1031 753 1109 Dominus,
771 1040 803 1096 et
823 1034 858 1097 in
876 1056 954 1098 usus
974 1034 1035 1100 sibi
1048 1035 1234 1100 ministran-

280 1129 364 1194 tium
385 1138 507 1196 aeterna
527 1133 599 1216 lege
621 1136 776 1214 sancivit3
799 1158 872 1220 quae
886 1138 962 1221 quia
976 1138 1085 1203 divino
1104 1147 1234 1205 tantum

277 1235 350 1319 jure
365 1237 519 1320 praecipit,
538 1238 579 1302 ad
594 1242 855 1323 cognoscendum
870 1265 965 1327 super
978 1244 1030 1308 his
1044 1252 1186 1328 potestas
1201 1267 1236 1309 se

278 1341 368 1424 regia
389 1363 456 1405 non
478 1342 634 1420 extendit,
658 1343 802 1410 humano
821 1368 897 1412 vero
914 1347 989 1430 jure
1012 1349 1115 1412 multa
1135 1348 1234 1432 possi-

281 1443 346 1522 det,
363 1466 433 1527 quae
448 1445 516 1509 sole
530 1445 592 1510 sibi
607 1454 684 1512 sunt
699 1448 870 1513 hominnm
884 1449 1059 1514 donatione
1073 1471 1234 1530 concessa,

282 1568 349 1611 non
367 1547 401 1610 id
421 1549 627 1632 praecipiente
642 1550 784 1615 Domino
799 1553 850 1616 vel
863 1553 968 1636 legem
984 1554 1155 1638 superbos
1170 1563 1234 1618 sta

280 1657 404 1729 tuente,
418 1658 457 1715 nt
476 1652 545 1735 jam
565 1673 632 1716 uon
652 1653 781 1718 levitica
801 1654 906 1718 solum
927 1654 1076 1738 portione
1095 1656 1236 1720 limitata

281 1753 334 1833 sit,
349 1775 462 1818 verum
476 1754 569 1818 donis
590 1755 714 1820 eximiis
735 1763 768 1820 et
787 1757 1041 1840 possessionibus
1063 1759 1216 1842 ampliata
1224 1786 1234 1838 5

279 1856 516 1921 transtulerunt
539 1857 581 1920 ad
604 1879 687 1922 eam·
703 1860 810 1942 ampla
832 1882 891 1924 sua
915 1861 1109 1945 patrimonia
1132 1882 1234 1944 reges,

279 1959 517 2023 transtulerunt
537 1961 631 2024 eleoti
650 1961 821 2045 principes,
836 1969 875 2026 ut
892 1961 962 2046 jam
984 1963 1027 2027 sit
1049 1963 1147 2027 etiam
1166 1984 1235 2027 cor-

279 2061 431 2145 poraliter
444 2062 615 2146 impletum
631 2063 717 2146 qnod
738 2064 778 2127 de
797 2064 872 2128 filiis
887 2065 1030 2129 ecelesia
1045 2065 1169 2128 dudum
1185 2074 1235 2130 est

279 2165 436 2248 propheta
458 2165 654 2229 vaticinante
679 2165 880 2249 praedietum,
904 2167 1129 2232 fortitudinem
1156 2189 1235 2252 gen-

279 2267 362 2332 tium
382 2267 556 2333 comedetis
578 2275 611 2332 et
633 2269 668 2332 in
691 2269 793 2352 gloria
813 2289 924 2333 eorum
944 2269 1146 2354 superbietis.
1190 2272 1235 2336 Et

277 2370 367 2450 illud,
382 2377 421 2434 ut
437 2370 492 2435 det
506 2371 570 2434 illis
585 2371 798 2435 hereditatem
821 2371 969 2454 gentium
978 2399 989 2451 3
1011 2373 1092 2436 item
1110 2373 1233 2454 Esaias,

280 2473 382 2537 dilata
394 2473 573 2536 tentorium
590 2479 696 2550 tuum,
712 2473 826 2554 longos
845 2473 897 2537 fao
918 2474 1080 2538 funiculos
1093 2482 1178 2554 tuos,
1194 2475 1233 2540 ad

279 2576 427 2640 dextram
449 2581 483 2637 et
504 2574 546 2638 ad
566 2574 669 2638 levam
685 2574 880 2638 dilataberis.
910 2575 1016 2639 Vetus
1032 2577 1162 2659 quidem
1176 2578 1233 2642 ha-

279 2678 335 2742 bet
351 2676 484 2742 historia
498 2677 533 2741 in
544 2697 625 2759 opus
640 2676 720 2740 illud
735 2675 937 2741 tabernaculi
948 2678 1131 2762 antiquum,
1142 2679 1235 2744 illum

277 2783 434 2867 populum
463 2803 501 2846 ea
524 2781 693 2845 devotione
716 2781 891 2845 contulisse
916 2781 1059 2859 donaria,
1083 2790 1120 2846 nt
1146 2804 1232 2846 com-

277 2883 361 2967 pulsi
384 2883 521 2972 artifices
548 2881 692 2947 dicerent
718 2882 837 2966 Moysi,
862 2884 939 2947 Plus
966 2883 1060 2948 offert
1087 2887 1235 2968 populus,

280 3007 376 3069 quam
409 3007 539 3050 necesse
568 2993 629 3064 est,
660 3006 797 3068 quorum
829 2991 1080 3069 quantacunque
1109 2987 1236 3055 devotio

279 3089 352 3152 filiis
371 3096 482 3152 tamen
502 3089 614 3172 gratiae
634 3109 701 3152 non
722 3094 878 3171 aequatur.
924 3088 1051 3154 Quibus
1071 3111 1155 3174 saepe
1174 3114 1234 3155 nu-

279 3213 369 3256 mero
388 3213 456 3255 non
478 3191 555 3254 satis
570 3198 619 3255 est
634 3190 754 3255 donare
770 3191 908 3274 singula,
923 3191 986 3255 nisi
1006 3202 1235 3276 supererogent
1265 3200 1267 3203 ’

276 3294 435 3358 universa.
469 3294 529 3357 Est
543 3315 618 3357 vero
633 3295 748 3377 cuique
763 3293 903 3357 liberum
917 3316 991 3358 eum
1006 3296 1160 3360 transfert
1177 3297 1232 3361 do-

276 3398 386 3463 nando
407 3398 496 3485 quod
518 3418 613 3460 suum
636 3403 695 3476 est,
710 3397 878 3461 donationi
900 3397 1117 3462 conditionem
1134 3420 1230 3482 quam
1305 3440 1310 3448 -

276 3502 353 3567 velit
374 3507 556 3578 annectere,
573 3507 732 3584 quantum
752 3521 814 3564 nee
831 3499 957 3584 legibus
972 3521 1033 3565 nee
1047 3499 1140 3566 bonis
1157 3523 1233 3567 oon-

276 3612 341 3669 stat
355 3603 498 3668 moribus
513 3602 663 3681 obviare;
690 3603 774 3668 hane
795 3604 906 3686 itaque
928 3602 1096 3667 donationi
1118 3626 1233 3689 regum

277 3706 497 3771 conditionem
528 3725 689 3770 annexam
716 3705 888 3783 aestimant,
913 3706 975 3770 hoo
999 3708 1233 3773 eonsuetudine

277 3816 326 3874 tot
347 3817 529 3892 temporum
543 3806 714 3872 obtinente
728 3807 896 3872 euntcms
912 3809 1082 3888 affirmant,
1098 3817 1135 3874 ut
1149 3812 1232 3894 regi-

276 3912 338 3977 bus
359 3911 501 3976 ecolesiae
521 3911 683 3988 militaria,
705 3919 739 3974 et
762 3931 888 3975 annexa
912 3911 1039 3994 praediis
1062 3913 1124 3976 alia
1146 3935 1231 3997 quoe·

277 4015 352 4079 dam
366 4015 549 4099 persolvant
564 4011 726 4096 obsequia,
739 4019 772 4076 et
787 4013 1001 4096 possessiones
1015 4014 1101 4097 ipsas
1116 4036 1136 4077 a
1149 4017 1232 4098 regi-

275 4117 336 4182 bus
364 4137 509 4202 personae
539 4137 605 4180 suae
634 4115 819 4200 principalis
848 4115 992 4181 hominio
1018 4123 1052 4180 et
1075 4115 1232 4180 fidelitate

275 4227 434 4304 praesente
452 4219 618 4303 evangelio
637 4219 793 4302 promissa
811 4225 1053 4302 recognoseunt.
1100 4216 1154 4279 Sic
1170 4217 1230 4300 igi-

274 4332 330 4388 tur
345 4323 487 4388 eeclesiae
508 4323 672 4406 geminata
691 4329 833 4404 potestas
854 4329 912 4400 est,
929 4327 966 4384 nt
986 4318 1062 4383 hino
1082 4319 1150 4401 regi
1170 4341 1229 4384 oae-
