3225 5192
368 698 431 761 116
680 713 841 759 ornsrnrr
858 712 1010 757 rrrscorr

367 840 531 917 prematur
555 830 699 909 insumis,
725 829 812 913 quod
836 829 984 907 vidimus,
1008 828 1071 892 hoo
1095 833 1264 906 testamur,
1287 834 1322 892 et

317 974 319 977 v
367 955 436 998 rsm
460 938 584 1016 gestum
607 931 759 1016 prasenti
783 931 872 996 vobis
895 931 1015 1015 scripto
1039 938 1073 995 ot
1097 930 1194 1013 sigilli
1218 929 1322 994 nostri

367 1036 575 1135 improssione
590 1036 798 1101 declaramus.
829 1035 955 1099 Vulete.

350 1396 354 1405 .
392 1337 614 1403 EPIS'POLA
635 1337 796 1402 XC.-nn
814 1355 999 1399 nournruu
1016 1353 1294 1398 mucoururusru

743 1454 943 1499 rrrscoruu.

367 1589 500 1651 Domim
526 1607 581 1651 sno
597 1585 759 1669 fratrique
783 1586 941 1648 carissimo
963 1584 1004 1645 R.
1028 1581 1237 1645 lincolniensi
1259 1580 1321 1644 Dei

409 1691 518 1771 pratia
534 1690 683 1770 episcopo,
702 1690 739 1752 G.
755 1687 1005 1768 Heresordiensis
1018 1686 1151 1748 ecclesio
1169 1684 1320 1761 minister,

411 1793 475 1853 kero
486 1798 615 1872 protare
634 1797 665 1853 et
684 1810 792 1872 sapere
807 1810 874 1872 que
883 1789 1012 1873 paravit
1031 1791 1065 1851 iu
1083 1787 1242 1851 dulcedine
1262 1806 1321 1849 sua

405 1894 541 1975 pauperi
555 1892 655 1956 Deus.

414 2042 453 2105 sr
479 2042 562 2105 bene
585 2042 707 2120 valetis,
732 2042 777 2105 sio
800 2048 911 2106 estut
934 2042 1091 2120 volumus,
1116 2048 1149 2105 et
1171 2047 1320 2105 nostrum

366 2143 444 2208 inde
466 2144 621 2227 gaudium
636 2145 678 2207 ud
692 2144 870 2227 perfectum
891 2144 1071 2221 adducitur,
1086 2152 1119 2208 ot
1135 2143 1177 2207 ud
1190 2164 1321 2207 omnem

367 2246 513 2310 laetitium
538 2246 731 2311 cumulatur.
785 2246 954 2329 Digsstnm
980 2246 1096 2329 corrigi
1125 2254 1158 2310 et
1187 2245 1321 2329 glossari

261 2368 265 2377 ·
366 2348 547 2433 praeoipitis,
571 2357 605 2413 et
634 2369 707 2413 ecce
736 2348 928 2413 Ambrosius
952 2355 1059 2412 vester
1082 2348 1227 2413 laborare
1252 2368 1320 2411 non

366 2450 485 2514 desinit
513 2450 549 2513 iu
577 2450 705 2515 tritura.
757 2450 882 2515 Caeteru
906 2471 978 2535 quae
1006 2449 1194 2529 mundastis,
1220 2448 1320 2513 dunte

366 2552 517 2631 Domino,
532 2573 599 2616 nou
615 2552 815 2617 differentur.
861 2552 974 2617 Cuusoe
988 2561 1108 2617 nostroe
1122 2574 1196 2615 oum
1210 2560 1316 2636 potos·

365 2655 488 2719 tutibus
513 2655 642 2733 nostris,
666 2655 734 2719 fata
759 2655 865 2719 udhuo
893 2655 1046 2738 ambigua
1074 2662 1161 2732 sunt,
1186 2662 1220 2719 et
1242 2676 1316 2737 quoe

367 2764 445 2821 sunt
466 2758 502 2821 iu
523 2758 674 2841 pendulo,
698 2779 795 2840 quum
816 2758 882 2822 cito
903 2757 1039 2822 stabiliri
1060 2757 1222 2841 ooeperint,
1244 2756 1319 2821 ilioo

366 2865 517 2925 currente
539 2860 687 2924 chartula
708 2861 915 2943 cognosoetis.
962 2860 1075 2944 Usque
1089 2860 1131 2923 ud
1145 2860 1231 2939 diem
1244 2860 1318 2923 Pul·

366 2982 494 3025 murum
515 2962 608 3025 nobis
630 2982 651 3024 u
672 2961 802 3025 domino
819 2960 962 3026 Henrioo
982 2982 1140 3027 oonosssae
1159 2969 1246 3040 sunt,
1262 2961 1318 3026 sod

366 3083 419 3127 oss
439 3062 604 3146 prorogari
623 3062 759 3125 ulterius
781 3063 878 3127 misso
898 3062 1016 3126 nuntio
1037 3064 1248 3147 nondumque
1268 3084 1318 3127 re·

364 3183 455 3227 verso
478 3163 687 3246 postulamus.
733 3164 945 3245 Experiemm
966 3164 1003 3226 in
1025 3164 1076 3226 his
1099 3165 1199 3227 finem
1220 3188 1319 3248 quem

364 3262 556 3329 concesserit
578 3262 748 3342 Dominus,
771 3264 812 3327 de
833 3264 903 3348 ipso
925 3270 1091 3348 sperantes
1113 3264 1200 3329 bons
1222 3267 1318 3332 uobis

364 3366 475 3445 tribui,
492 3366 548 3449 qui
568 3365 719 3451 reprobat
734 3368 945 3453 cogitationes
958 3371 1161 3453 populorum,
1177 3377 1212 3434 et
1225 3370 1318 3435 dissi·

363 3475 419 3553 pst
444 3469 580 3533 oonsilio
604 3468 797 3555 principum.
842 3471 1002 3557 Optumus
1027 3494 1083 3539 vos
1107 3473 1144 3537 in
1172 3474 1316 3539 Domino

362 3569 478 3650 volere,
490 3578 523 3635 et
537 3572 573 3635 in
587 3571 656 3656 ipso
672 3572 712 3637 do
727 3573 779 3639 dio
793 3574 830 3639 in
844 3574 930 3641 diem
944 3576 1101 3654 renovari,
1116 3584 1149 3641 et
1164 3577 1316 3659 proficere

362 3672 398 3739 in
412 3672 564 3753 Domino,
580 3672 751 3740 carissime.
