3225 5192
420 672 486 738 266
740 685 899 733 omnam
913 686 1057 732 nemeen

419 807 504 894 patri
523 804 758 885 oonsulentem,
778 825 846 870 non
866 805 972 869 solnm
990 823 1059 869 non
1078 801 1255 883 admisisse,
1270 802 1329 869 sed
1340 809 1376 868 et

420 911 520 995 ipsius
543 909 729 994 opinionem
757 915 839 974 nota
866 908 1006 991 quadam
1030 907 1165 972 malitiae
1192 907 1287 992 enjus
1314 907 1375 972 sibi

420 1013 554 1078 minime
579 1011 727 1076 oonseius
751 1016 811 1090 est,
835 1010 905 1094 ejm
926 1030 996 1074 non
1020 1009 1056 1073 id
1083 1009 1234 1094 exigente
1259 1009 1375 1074 merito

421 1115 626 1201 respersisse:
650 1113 739 1181 unde
756 1135 833 1179 enm
848 1114 1017 1179 eeclesiam
1035 1114 1099 1179 Dei
1116 1114 1314 1193 subvertere,
1326 1114 1376 1178 fas

420 1219 576 1302 nefasque
595 1217 802 1297 confundere,
827 1222 974 1282 montem
993 1216 1087 1282 illum
1108 1217 1166 1300 qui
1187 1216 1322 1281 eeclesia
1341 1223 1376 1280 et

423 1322 575 1386 oolnmna
592 1321 655 1385 Dei
673 1321 809 1384 viventis
827 1326 888 1399 est,
909 1339 978 1384 non
995 1339 1076 1385 sano
1092 1319 1199 1404 eapite
1221 1320 1303 1384 velle
1321 1319 1375 1382 de-

420 1424 940 1510 jioere‚adeaquoevestrasnnt
956 1422 1104 1501 ambisse,
1120 1421 1375 1506 etquodabbis

424 1525 609 1592 obtinendis
628 1527 748 1610 repulsi
766 1525 934 1604 fuerimus,
949 1525 991 1590 ob
1012 1525 1047 1589 id
1068 1531 1208 1590 vestram
1222 1525 1376 1590 eeclesiae

425 1651 489 1715 que
512 1630 575 1694 Dei
600 1649 712 1714 paoem
736 1636 860 1694 temere
884 1627 1101 1712 perturbasse,
1131 1628 1169 1692 in
1196 1627 1283 1693 bello
1311 1629 1376 1692 Do

425 1733 507 1798 mini
529 1739 623 1816 terga
645 1732 780 1810 dedisse,
800 1731 925 1796 emissis
949 1731 1076 1816 seriptis
1096 1730 1227 1816 publioe
1246 1730 1377 1795 denote·

425 1857 510 1914 mur,
526 1836 654 1900 difficile
668 1843 728 1914 est,
742 1843 781 1900 ut
796 1835 957 1914 sileamus,
971 1841 1011 1899 ut
1030 1834 1115 1898 hane
1129 1832 1299 1898 adversum
1319 1854 1376 1898 nos

427 1939 622 2024 opinionem,
645 1940 696 2004 vel
718 1959 738 2002 a
758 1937 972 2022 presentibus
995 1936 1135 2016 admitti,
1158 1937 1209 2001 vel
1233 1935 1376 2000 indefen-

427 2063 496 2106 sam
518 2041 638 2105 firturae
660 2039 842 2124 posteritati
863 2039 1053 2117 transmitti,
1075 2039 1310 2103 confessionem
1328 2039 1377 2101 in·

426 2149 550 2208 nuente
565 2141 694 2206 silentio
708 2142 944 2225 permittamus.
972 2141 1084 2208 Quum
1098 2141 1143 2206 sit
1156 2140 1266 2225 itaque
1280 2141 1377 2205 malo

426 2267 499 2310 rum
514 2245 605 2310 radix
620 2251 653 2310 et
668 2245 758 2330 origo
772 2246 942 2330 cupiditas,
957 2266 1000 2310 ne
1018 2267 1078 2311 nos
1098 2246 1197 2330 hujus
1216 2253 1378 2330 suspectos

427 2347 569 2414 habeam
580 2348 697 2432 quibua
706 2365 807 2432 prava
817 2349 994 2413 suadentur
1004 2370 1023 2412 e
1034 2346 1131 2428 faoili,
1147 2369 1206 2414 nos
1219 2347 1299 2413 bino
1311 2349 1379 2433 ipsa

424 2452 519 2537 jubet
544 2451 717 2516 necessitas
740 2450 889 2516 exordiri.
933 2451 992 2516 Ait
1015 2452 1188 2536 apostolus,
1213 2451 1296 2518 Quis
1321 2451 1379 2516 seit

428 2555 598 2621 hominum
613 2555 738 2619 oooulta
757 2554 906 2632 hominis,
925 2555 990 2618 nisi
1009 2555 1140 2639 spiritus
1160 2555 1311 2634 hominis,
1326 2554 1379 2638 qni

427 2666 478 2723 est
501 2659 539 2722 in
566 2657 646 2743 ipso.
691 2657 814 2722 Latent
839 2657 971 2741 qnidam
998 2658 1147 2722 homines
1172 2659 1301 2723 ooeulta
1324 2659 1377 2722 bo

427 2761 564 2840 minum,
580 2767 614 2826 et
633 2759 785 2846 abyssum
805 2759 950 2824 eordium
971 2760 1011 2824 de
1031 2761 1109 2825 oaelo
1128 2760 1279 2826 dominus
1293 2762 1378 2826 intu-

428 2874 512 2932 etur.
557 2866 670 2951 Ipsum
685 2866 797 2948 ignoto
817 2886 885 2929 non
904 2871 1087 2944 transeunt,
1101 2864 1229 2929 oooulta
1240 2885 1312 2928 non
1323 2863 1378 2927 ial-

428 2970 510 3034 lunt.
555 2969 615 3033 Est
635 2969 722 3032 enim
737 2989 842 3033 sermo
857 2967 921 3031 Dei
933 2967 1022 3031 vivus
1042 2973 1077 3031 et
1096 2967 1216 3045 efficax,
1233 2974 1379 3050 penetra·

429 3073 587 3156 biliorqne
608 3070 698 3136 omni
721 3071 829 3154 gladio
850 3070 994 3154 ancipiti.
1039 3070 1112 3134 Neo
1134 3076 1184 3134 est
1206 3069 1275 3134 ulla
1295 3090 1379 3134 orea-

429 3183 505 3238 turs
528 3172 696 3238 invisibilis
720 3174 757 3238 in
780 3180 955 3257 conspeetu
979 3172 1077 3236 illius.
1122 3171 1192 3256 Ipsi
1215 3179 1250 3236 et
1274 3192 1382 3237 eoram

430 3277 500 3361 ipso
514 3274 696 3360 loquimur;
711 3276 771 3341 sub
786 3275 887 3360 ipsius
898 3275 1045 3339 examine
1056 3292 1124 3337 non
1134 3293 1218 3338 vans
1228 3279 1287 3337 eut
1296 3274 1380 3350 fieta,

431 3380 488 3445 sed
513 3401 587 3467 quie
608 3379 744 3445 veritate
770 3377 976 3444 oonseientiae
1004 3375 1143 3442 subnixa
1170 3383 1259 3455 sunt,
1284 3376 1380 3440 eonii·

432 3484 546 3548 denter
560 3491 593 3548 et
612 3483 713 3548 libere
727 3482 969 3566 respondemus,
984 3487 1164 3546 asserentes
1177 3480 1291 3564 utique
1305 3501 1380 3563 qno

430 3585 518 3650 niam
548 3586 590 3650 sd
619 3607 658 3650 ee
683 3607 754 3670 quae
780 3593 887 3650 vestra
914 3592 993 3649 sunt
1021 3584 1207 3649 ambitionis
1235 3583 1381 3648 stimulos

430 3709 599 3770 nunquam
623 3688 672 3752 vel
697 3695 864 3752 momento
886 3688 1055 3752 sensimus.
1102 3683 1271 3750 Honorem
1296 3685 1382 3748 hune

431 3790 512 3854 nulli
536 3811 681 3874 unquam
710 3789 894 3856 invidimus.
939 3789 1033 3854 Nulli
1061 3787 1103 3854 ad
1131 3788 1217 3852 hane
1245 3787 1382 3870 gratiam

430 3913 566 3957 munere
579 3893 631 3957 vel
646 3891 809 3975 obsequio,
824 3892 930 3976 mstis
946 3893 999 3957 vel
1017 3891 1125 3957 favore
1144 3889 1381 3968 deservivimus,

432 4004 470 4060 ut
491 3997 532 4060 ud
549 3996 648 4081 hujus
668 3996 798 4080 fastigia
819 3995 969 4061 culminis
988 4015 1152 4060 aoeessnm
1172 3993 1267 4060 nobis
1289 3993 1383 4058 saeri-

432 4099 541 4183 legum
559 4098 816 4183 quibuscumque
835 4097 940 4163 modis
960 4103 1018 4162 aut
1036 4095 1241 4162 adminiculis
1260 4101 1385 4178 optare·

432 4222 514 4267 mus.
561 4201 643 4269 Quis
662 4201 723 4268 hoo
743 4201 860 4266 melius
879 4207 971 4285 pater
989 4221 1085 4286 qnam
1099 4221 1166 4279 vos,
1182 4196 1254 4281 quis
1267 4196 1386 4282 poterit

433 4304 586 4388 liquidius
600 4305 768 4381 aestimare,
785 4325 882 4388 quem
896 4304 996 4388 ipsius
1010 4303 1152 4368 eoelesioe
1165 4308 1247 4366 tune
1260 4307 1386 4385 tempo·
