3225 5192
401 671 476 736 XVfii
545 693 678 737 usuum
695 694 930 740 nrisronenuu
947 696 1030 741 '1¹01ss
1046 697 1193 741 mom.

399 810 442 858 27.
461 806 504 859 Au
527 807 710 863 Theobeldum
735 809 956 865 cantuariensem
976 811 1069 866 Archi·

506 894 657 965 ustorum

399 982 443 1032 28.
461 979 504 1033 Au
516 979 631 1034 eundem

399 1068 443 1118 29.
461 1065 504 1118 Au
516 1065 664 1120 Osbernum

400 1153 443 1202 39.
461 1150 504 1204 Ad
514 1150 666 1206 Jooelinum
678 1151 901 1208 salesberiensem
913 1155 1076 1228 Episoopum
1140 1157 1215 1214 Sciet

399 1237 441 1288 31.
460 1234 503 1288 Ad
526 1235 709 1292 ‘I'heobeldum
733 1239 953 1294 Contunriensem
976 1241 1070 1296 Archi-

505 1323 658 1394 episcopum

399 1409 442 1460 ³2.
461 1407 505 1461 Ad
516 1407 550 1462 R
563 1407 682 1463 Priorem
694 1417 720 1463 et
731 1408 826 1464 fratres
837 1409 968 1466 Cornelis
1042 1443 1055 1454 ·

400 1496 443 1546 33.
462 1494 506 1547 Ad
517 1493 551 1548 Β.
564 1494 669 1550 Senctse
681 1495 735 1550 sed.
748 1497 866 1567 Apostol.
878 1497 1076 1554 Cenceiisn'nm

399 1581 442 1631 34.
460 1578 503 1632 Ad
516 1580 652 1635 Simonem
664 1580 880 1652 wigorniensem
892 1583 1054 1656 Episcopum

398 1667 442 1717 36.
461 1663 503 1718 Ad
515 1664 550 1718 G.
564 1664 682 1720 Peiorem
694 1675 721 1722 et
733 1668 903 1724 Conventnm
914 1670 1070 1726 Hereiordi·

400 1837 444 1888 36.
462 1834 505 1888 Au
516 1835 562 1888 W.
577 1835 697 1890 Priorem
813 1868 824 1877 -
895 1869 906 1880 ·
976 1872 988 1882 ·
1059 1873 1069 1884 ·

400 1923 443 1972 37.
462 1919 505 1974 Au
515 1921 543 1974 J.
556 1921 688 1992 legatum
731 1951 1070 1968 -----
1166 1933 1172 1944 '

400 2009 442 2058 38.
461 2006 504 2060 Ad
515 2006 697 2063 Theobnldum
711 2007 839 2066 Cnnwer.
851 2011 975 2084 Archiep.
1060 2045 1071 2054 -

399 2094 444 2144 39.
462 2092 505 2145 Au
518 2093 631 2148 eundem

400 2181 443 2230 40.
462 2177 504 2231 Ad
516 2177 660 2234 Bobertum
677 2179 890 2236 Lincolniensem
907 2181 1071 2254 Episcopum

399 2269 443 2317 41.
462 2263 505 2317 Ad
518 2263 671 2335 Eugenium
685 2267 787 2337 Pepom
894 2299 906 2309 ·
977 2300 988 2309 -
1061 2301 1072 2312 ·

399 2354 443 2404 42.
461 2350 504 2404 Ad
515 2350 649 2404 Josnnem
662 2353 696 2406 de
708 2353 788 2408 Cant.
894 2384 905 2395 ·
975 2387 986 2396 -
1058 2388 1069 2400 -

399 2440 442 2488 4³.
461 2436 504 2489 Ad
514 2435 668 2492 Jooelinum
680 2435 900 2496 selesberiensem
914 2441 1077 2514 Episcopum

400 2525 444 2574 44.
461 2520 505 2575 Ad
528 2519 713 2578 Theobeidum
734 2526 957 2582 Centusriemem
977 2530 1070 2584 Archi·

505 2607 659 2679 episcopum
730 2641 1068 2657 .....

400 2697 443 2746 43.
462 2692 505 2747 Λᾶ
517 2691 665 2751 Ueueuum
676 2698 888 2754 landaviensem
901 2699 1065 2773 Episcopum

399 2783 442 2834 46.
461 2781 504 2853 Ad
528 2779 712 2846 Theobuldum
736 2785 956 2843 cantuariensem
976 2788 1071 2846 Archi-

506 2869 659 2940 episeopum
730 2900 1069 2918 ·····

399 2958 442 3006 4⁷.
461 2953 505 3006 Au
518 2953 666 3010 Uetredum
678 2955 891 3012 Lenderiensem
909 2961 1072 3033 Episcopum

399 3042 443 3090 48.
462 3038 504 3090 Ad
517 3037 635 3092 Priorem
648 3049 675 3094 ct
686 3041 779 3094 fratres
790 3043 824 3096 de
835 3043 976 3099 Goidclive
1061 3078 1072 3089 -

398 3127 442 3175 49.
460 3122 503 3176 Ad
516 3122 652 3178 Simonem
663 3125 876 3195 Wrgorniensem
889 3129 1052 3202 Episcopum

398 3213 443 3261 60.
462 3207 506 3262 Au
518 3207 664 3265 Bobertum
677 3210 911 3268 Hereiordiensem
925 3215 1089 3288 Episcopum

399 3298 444 3346 61.
463 3295 505 3348 Ad
517 3294 667 3350 Jooelinum
680 3295 902 3355 Smesbcriensem
915 3301 1078 3376 Episcopum
1176 3311 1183 3324 '

398 3383 443 3433 ⁶2.
461 3380 504 3434 Ad
517 3380 657 3436 Metildem
671 3383 872 3453 Impersnicem
975 3419 985 3428 -

399 3468 443 3518 63.
462 3466 505 3519 Ad
516 3467 669 3522 Jooelinum
681 3467 904 3527 Seresberieneem
917 3473 1081 3548 Episcopum

398 3557 442 3605 64.
462 3553 504 3606 Au
517 3551 683 3608 Willelmum
695 3555 728 3609 de
741 3555 885 3613 Cheisneis
975 3591 986 3602 -
1057 3594 1069 3605 -

399 3643 443 3691 55.
462 3638 504 3691 Ad
519 3638 549 3692 F.
563 3639 760 3711 Redingensem
772 3643 903 3699 Abbstem
975 3677 986 3688 ·
1057 3679 1068 3691 ·

400 3727 445 3777 66.
463 3723 506 3777 Ad
519 3721 665 3780 Uouedum
682 3725 894 3784 Lenduvieusem
907 3730 1069 3806 Episcopum

401 3815 445 3864 67.
463 3809 632 3866 secundem

400 3901 444 3950 63.
463 3898 504 3951 Ad
517 3897 667 3954 Henricum
679 3898 892 3959 wintoniensem
905 3907 1068 3982 Episcopum

400 3987 444 4037 69.
462 3983 505 4037 Ad
517 3983 678 4042 Gnuiridum
691 3985 810 4043 Priorem
822 3991 970 4050 Winwniee
1062 4029 1072 4040 ·

400 4071 444 4120 60.
462 4068 505 4122 Ad
517 4107 646 4124 .......
660 4071 823 4144 Episcopum
893 4107 904 4116 -
974 4111 985 4120 -

399 4157 443 4206 61.
464 4154 505 4207 Ad
518 4155 665 4212 Uerredum
677 4157 890 4218 Lendsriensem
903 4163 1064 4238 Episcopum
1135 4172 1309 4244 Importunus

399 4241 443 4291 62.
463 4239 505 4293 Ad
516 4237 535 4292 J
537 4241 668 4295 ocelinum
681 4243 900 4303 Selesberiensem
912 4251 1076 4322 Episcopum
1137 4257 1180 4310 Ad
