3225 5192
273 668 556 753 s.n.1148-61.]
604 686 886 735 ermenmarus
901 686 1079 737 seurota.
1163 669 1224 730 lca
1301 745 1307 760 ,
1409 678 1413 687 ·

324 990 547 1089 EPIsuoLd
571 1020 782 1089 OXl'rL-an
797 979 1032 1088 rurousnnbrr
1049 1044 1176 1089 carru·
1304 1074 1310 1083 .

321 1160 327 1170 ·
497 1144 675 1197 aurausnu
691 1146 1006 1194 sacuraerscoruu.

276 1278 372 1341 Patri
385 1298 440 1341 suo
455 1282 486 1341 et
500 1277 623 1341 domim
641 1273 675 1340 T.
694 1274 912 1341 Cantuertenss‘
925 1278 988 1342 Dei
1003 1280 1113 1361 pratia
1127 1280 1230 1342 arcti-

319 1384 470 1465 eps'scopo,
493 1387 524 1445 et
546 1380 719 1463 Anplorum
736 1380 881 1461 primati,
901 1387 933 1445 et
953 1382 1037 1445 sedis
1058 1383 1232 1465 apostolieae

321 1486 431 1567 lepcto,
448 1483 561 1566 frater
587 1484 625 1547 G.
649 1482 900 1565 Heresordieasis
924 1485 1057 1549 ecclesia
1081 1486 1232 1562 minister,

321 1590 451 1654 calmem
466 1594 497 1651 et
511 1586 726 1651 obedientiam.

322 1740 529 1804 Munnssrrs
550 1737 644 1803 nobis
666 1738 707 1802 ob
731 1736 894 1822 querelam
917 1738 1043 1803 abbatis
1065 1746 1100 1803 et
1120 1760 1234 1803 mona-

281 1843 415 1909 chorum
444 1841 721 1917 combremarum,
751 1840 902 1924 quatinus
939 1840 1158 1907 Herebertum
1193 1842 1235 1906 de
1321 1866 1329 1879 ·

282 1946 414 2011 castello
429 1946 560 2029 Halgod
575 1945 830 2023 conveniremus,
845 1952 879 2010 et
893 1954 932 2010 ut
946 1947 1107 2030 predictis
1124 1963 1235 2012 mona·

284 2050 352 2115 obis
373 2050 481 2115 locum
501 2050 557 2133 qui
580 2049 697 2113 dicitur
718 2049 834 2128 Prona,
854 2049 1051 2130 restitueret,
1071 2056 1105 2115 et
1128 2049 1244 2116 omnio

284 2154 320 2219 in
339 2152 453 2219 eodem
472 2153 543 2218 loeo
563 2152 625 2218 sibi
644 2151 752 2218 ablata
770 2152 929 2234 redderet,
950 2175 1237 2220 commoneremus.
1278 2178 1288 2201 ³
1318 2217 1325 2232 ,

287 2256 384 2323 Quod
398 2278 500 2341 quum
512 2256 674 2340 perlatum
689 2254 803 2321 fuisset
818 2258 860 2322 od
874 2280 943 2338 nos,
957 2259 1125 2324 monachis
1147 2281 1239 2323 man·

288 2360 355 2425 dati
379 2360 536 2425 latoribus
561 2358 788 2444 persuasimus,
811 2381 855 2424 ne
878 2360 971 2426 litem
995 2362 1081 2427 banc
1105 2361 1240 2427 absente

288 2462 406 2529 abbate
421 2484 480 2527 suo
493 2462 694 2541 inchoarent,
710 2470 743 2527 et
764 2471 947 2547 exspectato
962 2464 1003 2528 de
1016 2466 1241 2529 transmarinis

287 2566 433 2652 partibus
449 2566 518 2649 ejus
532 2566 650 2646 reditu,
667 2565 827 2631 actionem
845 2566 916 2650 ipso
933 2574 1093 2652 praesente
1110 2566 1241 2631 institu-

289 2674 390 2735 erent.
436 2668 521 2753 Ipsis
549 2670 660 2754 itaque
688 2668 765 2733 huic
790 2669 924 2734 consilio
949 2669 1241 2753 adquiescentibus,

287 2794 355 2839 rem
371 2773 515 2856 ipsorum
530 2792 689 2837 consensu
704 2771 900 2837 distulimus.
929 2772 1046 2857 Nuper
1055 2793 1129 2837 vero
1141 2794 1241 2856 quum

289 2875 374 2961 apud
388 2874 509 2940 Ledele
529 2874 570 2940 ob
591 2874 739 2959 quaedarn
759 2875 891 2959 negotia
909 2875 1102 2955 sederemus,
1118 2874 1243 2941 Dobre-

289 3000 426 3058 marum,
443 2978 483 3044 de
498 2979 591 3064 eujus
605 2978 712 3043 reditu
730 2978 815 3043 nihil
834 2984 912 3044 ante
924 3000 1126 3059 noveramus,
1141 2980 1242 3043 inter-

289 3081 361 3147 fuit.
407 3082 484 3161 Qui,
500 3102 601 3165 quum
614 3081 735 3147 ibidem
750 3083 901 3147 adeamus
914 3082 1055 3167 priorem
1069 3083 1110 3147 de
1123 3084 1243 3147 Wene·

290 3186 341 3251 loc
370 3192 564 3269 conquestus
593 3184 717 3265 fuisset,
741 3186 828 3269 quod
855 3187 945 3271 prior
972 3188 1041 3271 ipse
1069 3186 1244 3252 monachos

292 3310 365 3354 suos
385 3287 514 3353 deloco
535 3288 590 3371 qui
611 3288 718 3352 Prena
738 3288 858 3353 dicitur
873 3338 984 3354 .....
1000 3296 1035 3355 et
1053 3311 1121 3355 non
1140 3290 1244 3355 solum

292 3394 434 3478 ipsorum
459 3413 584 3477 pecora,
608 3390 665 3456 sed
690 3398 724 3456 et
749 3394 872 3473 calices,
900 3402 934 3459 et
958 3393 1066 3473 libros,
1091 3402 1125 3459 et
1150 3394 1246 3459 vesti·

292 3504 412 3576 menta,
432 3502 600 3580 totamque
620 3496 737 3561 domus
756 3516 868 3561 eorum
888 3496 1117 3581 supellectilem
1135 3496 1246 3562 abstu-

291 3599 391 3678 lisset,
417 3598 505 3682 prior
530 3597 711 3663 dilatoriam
738 3618 904 3682 opponens
929 3598 1159 3682 exceptionem,
1186 3597 1247 3663 sibi

293 3700 384 3765 litem
403 3700 489 3765 bano
508 3721 713 3785 nequaquam
735 3700 866 3781 editam,
886 3722 992 3785 neque
1014 3722 1048 3766 se
1069 3724 1166 3787 super
1185 3702 1248 3767 boc

294 3804 336 3868 ad
352 3804 594 3887 responsionem
616 3803 753 3867 citatum
772 3804 880 3884 fuisse,
901 3804 1076 3889 respondit.
1122 3806 1248 3871 Quum·

294 3928 357 3991 que
379 3906 525 3971 omnium
547 3906 709 3971 sententia
730 3928 791 3971 con
798 3906 986 3991 [sentiente]
1011 3908 1247 3989 decerneretur,

295 4030 434 4094 aequum,
461 4009 590 4094 jurique
618 4008 686 4074 fore
716 4016 979 4090 consentaneum,
1005 4011 1135 4096 utrique
1163 4012 1249 4097 parti

296 4112 382 4178 diem
398 4112 507 4191 statui,
522 4133 656 4196 remque
671 4112 867 4179 sufficienter
883 4115 1027 4180 auditam
1043 4116 1166 4201 judicio
1185 4124 1249 4180 ter-

296 4216 423 4295 minari,
439 4214 538 4280 abbas
553 4236 751 4299 conquerens
769 4239 836 4282 non
855 4218 929 4284 ilico
949 4219 1010 4283 sibi
1027 4240 1099 4303 quae
1118 4218 1249 4302 petebat

295 4319 434 4399 restitui,
450 4318 491 4383 ad
507 4319 753 4407 appeliationem
769 4323 958 4387 convolavit.
1005 4322 1040 4386 Si
1055 4321 1133 4405 quid
1149 4320 1250 4404 igitur
