3225 5192
281 689 348 732 ΔΛ).
366 667 564 750 1161-89.]
614 687 863 732 nouuounrusrs
880 690 1056 734 rrrsrosa.
1166 672 1231 734 269

281 801 378 880 ribus,
404 800 567 884 promissis
597 807 630 864 et
658 799 826 866 blandiciis
855 801 1026 884 vigilanter
1052 802 1230 883 instabant,

281 907 351 989 quis
374 906 533 989 negaret?
563 908 700 971 torrenti
723 908 799 973 huic
822 908 997 973 voluntatis
1022 915 1055 973 et
1080 909 1231 992 precepti

280 1009 361 1092 regii
376 1008 447 1092 quis
462 1008 646 1074 resisteret?
693 1008 808 1074 Stabat
828 1010 921 1094 regni
941 1010 1066 1094 gladius
1080 1011 1116 1074 in
1130 1031 1231 1075 manu

280 1117 394 1189 vestra,
410 1112 438 1174 si
456 1111 492 1174 in
512 1133 608 1195 quem
627 1121 734 1177 torvos
754 1113 862 1177 oeulos
882 1112 1058 1192 habebatis,
1079 1111 1230 1178 terribilis

280 1213 316 1276 in
338 1213 426 1277 hunc
449 1220 482 1277 ct
504 1215 717 1298 importabilis
739 1215 795 1279 irae
818 1215 957 1299 quodam
971 1215 1059 1281 velut
1080 1217 1157 1300 igne
1178 1238 1230 1281 oo·

280 1336 421 1379 ruscans.
464 1313 524 1380 Ille
539 1316 669 1399 quidem
684 1317 810 1401 gladius
825 1339 922 1403 quem
935 1318 971 1381 in
986 1324 1106 1382 mnetae
1118 1318 1231 1381 matris

281 1417 423 1482 ecclesiae
441 1418 562 1482 viscera
580 1428 687 1483 vestra
707 1442 824 1484 manus
847 1421 944 1504 paulo
968 1427 1045 1485 ante
1067 1421 1231 1485 immerse-

280 1529 343 1599 rat,
359 1541 432 1584 cum
452 1521 493 1585 ad
513 1522 741 1605 trajiciendum
761 1523 797 1586 in
818 1524 966 1588 Tolosam
986 1523 1162 1588 exercitum
1178 1530 1231 1587 tot

281 1624 384 1706 ipsam
399 1644 579 1689 marcarum
594 1624 724 1689 milibus
739 1625 915 1709 aporiastis.
962 1627 1029 1691 Qui
1043 1647 1086 1690 ne
1099 1627 1231 1690 limatius

282 1725 388 1790 denuo
407 1747 465 1809 per
484 1747 539 1791 vos
559 1733 725 1810 aptaretur
744 1727 785 1791 ad
799 1728 942 1806 uulnera,
953 1729 1052 1812 jussis
1067 1728 1233 1812 obtempe-

282 1828 364 1892 ravit
379 1829 521 1907 eeclesia,
538 1837 571 1893 et
586 1828 777 1894 declinando
792 1852 865 1914 quse
878 1831 1006 1910 metuit,
1022 1830 1184 1894 simulavit
1198 1851 1232 1894 ae

282 1929 372 2008 velle,
398 1929 485 2013 quod
509 1930 625 1994 noluit.
671 1932 701 1993 O
723 1953 821 2015 quam
846 1932 942 2016 longe
968 1940 1061 1996 erant
1086 1932 1232 1996 omnium

283 2033 378 2098 corda
397 2031 557 2116 bonorum
580 2033 620 2097 ab
643 2033 704 2098 hoc
725 2035 804 2118 ipso,
822 2056 918 2118 quam
938 2035 1127 2099 dissidentia
1147 2042 1230 2098 vota.

283 2135 379 2199 Motu
393 2142 503 2199 tamen
518 2143 566 2201 est
581 2144 614 2201 et
628 2136 837 2220 impressione
851 2138 1057 2221 completum,
1074 2137 1160 2220 quod
1180 2137 1230 2200 in·

283 2238 507 2304 terminatione
519 2239 677 2304 damma
691 2240 795 2306 fuerat
810 2243 1012 2326 imperatum.
1040 2239 1093 2304 Sic
1103 2239 1139 2303 in
1150 2240 1232 2304 ovile

283 2341 389 2405 ovium
403 2363 471 2406 non
485 2342 598 2424 utique
612 2364 670 2427 per
684 2345 814 2424 ostium,
831 2346 887 2408 sed
905 2345 1081 2409 ascendens
1101 2343 1231 2407 aliunde

282 2442 448 2521 introistis,
469 2450 503 2507 et
526 2444 588 2508 hoe
610 2456 701 2528 pater
723 2446 861 2510 introitu
884 2447 1068 2511 libertatem
1093 2445 1232 2510 ecclesiae

282 2551 332 2609 tot
358 2544 420 2609 sibi
445 2553 628 2628 temporum
653 2555 872 2611 conservatam
896 2548 1070 2626 curriculis,
1097 2546 1231 2610 ademis-

282 2647 335 2726 tis,
358 2668 430 2730 quae
453 2647 480 2711 si
503 2648 572 2730 ejus
596 2647 662 2712 vita
685 2655 743 2726 est,
766 2655 805 2712 ut
827 2649 973 2728 scribitis,
995 2650 1098 2733 ipsam
1121 2649 1233 2731 utique

283 2754 462 2818 exanimem
484 2752 678 2817 reddidistis.
723 2754 814 2817 Deus
836 2753 932 2832 bone,
952 2755 1023 2837 quis
1044 2753 1156 2817 horror
1178 2753 1235 2816 illa

283 2857 344 2936 die,
370 2856 441 2940 quis
466 2878 578 2922 omues
603 2857 717 2922 horror
741 2856 868 2936 invasit,
892 2878 967 2920 cum
992 2857 1233 2941 prognosticum

282 2958 364 3022 illud
385 2958 425 3022 de
446 2979 536 3022 more
556 2966 773 3043 conspectum,
790 2966 823 3023 et
842 2960 1140 3024 circumastantium
1158 2980 1233 3022 ocu·

283 3061 322 3124 lis
343 3067 391 3125 est
410 3060 566 3140 oblatum,
582 3061 663 3126 illud
683 3062 816 3145 inquam
835 3062 1075 3146 prognosticum
1093 3061 1178 3145 quod
1197 3063 1234 3126 in

283 3164 387 3227 futuri
401 3184 493 3228 casus
507 3163 664 3227 indicium
679 3164 876 3248 evangelista
890 3164 1034 3228 Mathaeo
1048 3165 1140 3246 quusi
1153 3165 1232 3228 vati·

284 3266 415 3330 cinaute
429 3266 591 3348 prolatum
606 3273 665 3344 est,
682 3267 727 3329 nit
742 3266 830 3330 enim
844 3267 993 3330 dominus
1007 3265 1152 3330 ficulneae
1165 3287 1233 3345 non

283 3368 418 3432 habenti
443 3369 596 3446 fr'uctum,
621 3389 789 3450 nunquam
814 3389 852 3432 cx
877 3376 911 3432 te
934 3368 1059 3432 fructru
1084 3375 1235 3432 nascatur

284 3473 318 3535 in
334 3472 577 3555 sempiternum,
590 3478 623 3535 et
635 3472 774 3536 arefacta
784 3479 834 3538 est
845 3471 1007 3537 continuo.
1032 3471 1234 3554 Oportuisset

285 3575 384 3658 igitur
403 3575 459 3639 illa
480 3575 532 3639 die
554 3597 621 3640 non
642 3583 731 3640 reeta
753 3576 923 3641 mandanti
946 3576 1083 3660 principi
1105 3597 1235 3660 respon·

286 3673 379 3751 disse,
396 3674 482 3756 quod
496 3682 623 3757 oportet
639 3675 708 3739 Deo
723 3675 853 3740 obedire
867 3676 970 3760 magis
986 3698 1083 3759 quam
1097 3676 1235 3740 homini-

286 3775 356 3840 bus.
402 3776 465 3840 lllo
479 3777 606 3840 utinam
621 3777 674 3840 die
688 3777 784 3842 corda
805 3785 918 3843 nostra
938 3779 1033 3862 plene
1054 3779 1152 3843 timor
1166 3779 1235 3861 ejus

287 3883 482 3962 occupasset,
499 3879 553 3962 qui
567 3884 675 3962 potest
690 3880 833 3944 animam
846 3881 882 3944 in
897 3881 1079 3964 gebennam
1093 3880 1235 3964 perdere,

287 3987 320 4043 et
348 4002 415 4044 non
445 3983 549 4046 solum
574 4002 690 4065 corpus
716 3982 869 4047 occidere.
915 3984 1011 4049 Quod
1041 3984 1117 4068 quia
1146 4003 1237 4046 secus

287 4086 396 4144 actum
410 4094 469 4160 est,
484 4083 568 4166 parit
581 4082 675 4147 nobis
691 4085 865 4149 enormitas
884 4085 953 4151 baec
971 4084 1237 4160 erubescentiam,

288 4181 510 4249 erubescentia
523 4187 754 4266 confusionem,
771 4189 916 4253 confusio
930 4188 1155 4272 poenitentiam
1167 4205 1239 4267 quae

288 4286 482 4368 condignam
505 4288 621 4354 inseret
644 4310 747 4372 opem,
770 4291 894 4354 ferente
917 4289 1048 4355 domino
1070 4285 1238 4350 sabsfacti-
