3225 5192
391 639 434 703 74
638 650 798 697 creusam
816 648 934 693 ronror
950 647 1096 695 unsaris

398 936 625 1051 'EPISTOLA
646 983 830 1049 INL-rn
846 1001 1032 1046 ncrrnnuu
1049 1000 1322 1046 ninnivrsnsau

767 1106 968 1149 nrrscoruu.

390 1240 485 1303 Patri
498 1260 553 1303 suo
569 1244 599 1302 et
614 1238 735 1303 domiuo
748 1236 784 1300 U.
794 1235 991 1299 mnam
1001 1234 1063 1297 Dei
1074 1234 1182 1317 pratia
1192 1233 1343 1315 φίαοορο,

423 1342 532 1425 frater
546 1344 583 1405 G.
599 1340 776 1405 Gloceatn‘oe
791 1340 894 1403 dictur
908 1338 1013 1417 abbas,
1029 1338 1172 1421 qumicm
1187 1337 1254 1400 dies
1267 1336 1344 1398 moli

433 1450 514 1525 eard,
528 1445 673 1509 virtulem
688 1444 722 1507 iu
734 1442 916 1525 irfimitote
923 1440 1083 1525 perficere.

434 1598 553 1662 Tssrrs
567 1596 658 1676 mihi,
672 1603 765 1680 pater
779 1594 907 1675 dilecte,
921 1594 1039 1659 veritas
1053 1600 1113 1671 est,
1129 1599 1163 1658 et
1177 1613 1250 1677 quic
1263 1591 1345 1657 mihi

383 1721 458 1765 non
479 1700 636 1763 mention
657 1699 697 1763 de
718 1718 772 1763 me
794 1698 1001 1777 conscientia,
1016 1718 1114 1781 qnam
1135 1716 1217 1779 puro
1236 1694 1344 1773 corde,

390 1810 424 1867 ct
446 1802 579 1867 cauete
601 1822 668 1866 uon
690 1802 774 1881 ficta,
797 1822 854 1866 voa
876 1823 895 1864 a
916 1800 1021 1885 prima
1041 1798 1138 1864 vestri
1159 1798 1345 1881 cognitione

391 1904 566 1982 dilexerim,
582 1910 615 1969 et
632 1903 747 1967 honori
761 1909 867 1968 vestro
881 1902 979 1967 simul
996 1910 1031 1967 et
1048 1900 1226 1979 commodo,
1241 1898 1345 1964 sicubi

392 2007 564 2091 quicquam
589 2006 691 2088 potui,
714 2005 851 2070 sollicita
871 2005 1157 2089 circumspectione
1178 2002 1346 2087 coadjutor

391 2130 517 2194 semper
536 2115 570 2173 et
589 2115 774 2192 cooperator
795 2108 967 2172 extiterim.
1012 2107 1110 2175 Quod
1130 2107 1207 2171 licet
1227 2106 1269 2171 ad
1288 2127 1344 2170 vos

391 2212 474 2277 forte
494 2232 562 2275 non
580 2211 772 2294 pervenerit,
788 2216 933 2275 attamen
946 2210 1025 2275 istos
1040 2232 1108 2275 non
1120 2210 1227 2288 latuit,
1242 2209 1344 2274 domi·

391 2335 472 2379 nuru
495 2314 615 2379 scilicet
630 2314 907 2394 cantuariensem,
923 2313 1091 2378 dominum
1105 2312 1203 2377 etism
1216 2333 1344 2397 popam,

391 2422 426 2481 et
441 2418 497 2501 qui
512 2416 552 2481 de
566 2417 666 2481 latere
681 2417 749 2501 ejus
764 2417 899 2495 suntin
910 2438 1047 2500 quornm
1061 2415 1344 2499 presentiaqunm

391 2520 460 2604 ipse
481 2519 636 2599 adessem,
656 2519 683 2583 si
705 2519 745 2584 de
767 2519 857 2585 vobis
878 2520 1001 2603 aliquid
1021 2520 1187 2583 sinistrum
1202 2518 1345 2601 quando-

390 2644 453 2707 que
467 2624 659 2688 ventilstum
674 2629 733 2703 est,
745 2644 798 2688 me
812 2629 847 2687 et
859 2624 1066 2701 reclamante,
1081 2628 1114 2687 et
1128 2622 1236 2705 aliqua
1249 2620 1343 2684 vehe-

391 2726 515 2790 mentis
528 2726 708 2805 resistente,
724 2747 792 2792 uon
806 2726 910 2790 solum
926 2746 1132 2810 suppressum
1145 2724 1275 2803 resedit,
1286 2722 1344 2786 sed

390 2828 479 2893 velut
494 2828 642 2912 quiedam
659 2830 819 2894 mendacii
837 2828 941 2893 nubes
961 2850 1090 2912 prorsus
1109 2827 1249 2892 evanuit.
1294 2826 1343 2888 Ut

391 2950 504 2995 verum
517 2931 630 3009 fatear,
645 2931 794 3015 equidem
813 2932 841 2994 si
859 2953 927 2995 non
941 2931 1031 2996 vobis
1045 2932 1080 2994 in
1094 2932 1200 2995 multo
1217 2928 1344 2993 servivi-

391 3054 474 3111 mus,
491 3040 637 3097 attamen
651 3034 891 3098 conciliavimus
909 3033 1000 3096 vobis
1021 3040 1193 3115 potentum
1207 3032 1343 3110 animos,

390 3141 424 3198 et
444 3134 530 3197 bone
545 3155 616 3217 quae
631 3133 671 3197 de
686 3134 775 3198 vobis
791 3155 965 3217 speramus,
980 3155 1186 3217 nequaqimm
1203 3135 1343 3198 reticen-

391 3235 442 3314 do,
459 3235 515 3299 red
533 3236 638 3319 palam
653 3236 817 3314 edicendo,
832 3257 888 3300 vos
907 3236 943 3300 in
961 3236 1103 3320 ipsorum
1118 3235 1265 3319 gratiam,
1281 3256 1344 3301 uec

391 3338 561 3416 modicam,
571 3358 631 3401 uec
641 3338 770 3421 quidem
781 3338 1256 3404 contemnenduminduximus.
1281 3338 1343 3402 Ca·

389 3440 468 3505 ritas
483 3442 570 3505 enim
584 3462 753 3525 nunqnam
767 3442 894 3523 excidit,
911 3451 945 3508 et
961 3443 1031 3528 ipsa
1048 3442 1136 3507 enim
1155 3462 1256 3527 quum
1271 3462 1342 3524 per-

389 3542 475 3607 fecta
489 3550 548 3623 est,
563 3564 693 3628 prorsus
708 3545 880 3610 nescimus.
915 3548 997 3611 Haec
1011 3541 1085 3611 vero
1099 3554 1149 3611 est
1163 3568 1235 3629 quae
1248 3547 1343 3611 facile

389 3643 482 3710 nobis
502 3647 672 3730 persuadet
689 3646 774 3712 bene
793 3649 834 3713 de
852 3648 942 3714 vobis
960 3670 1088 3733 sperare
1102 3651 1292 3734 peremnia,
1306 3656 1342 3714 ct

388 3748 552 3831 inquibus
566 3750 660 3815 nobis
671 3752 853 3836 jurisdictio
863 3760 970 3817 vestra
983 3753 1161 3817 necessaria
1171 3759 1231 3833 est,
1242 3753 1340 3837 aequi-

389 3858 492 3916 tatem
520 3862 555 3919 et
580 3856 742 3939 justitiam
773 3858 911 3941 quadam
940 3858 1136 3922 confidentia
1167 3858 1339 3941 postulare.

389 3954 504 4019 Preces
522 3956 632 4040 itaque
652 3958 841 4024 sublimitati
859 3966 973 4050 vestrae
991 3960 1194 4043 porrigimus,
1210 3966 1247 4023 ut
1265 3979 1341 4022 nos·

324 4067 330 4079 '
389 4064 441 4122 tra
455 4060 496 4124 de
509 4060 598 4125 vobis
613 4084 680 4125 non
694 4063 862 4127 fraudetur
876 4086 958 4148 spes,
973 4071 1007 4128 et
1026 4071 1064 4128 ut
1083 4065 1200 4129 litterae
1214 4068 1340 4127 contes-

389 4167 511 4241 tantur,
528 4184 621 4247 super
641 4165 782 4244 decimis,
799 4188 877 4249 quas
897 4188 918 4230 a
936 4167 1068 4231 dominc
1087 4166 1235 4231 Leofrico
1250 4166 1340 4250 juste

350 4354 353 4357 Ι
390 4264 592 4347 requirimus,
608 4272 645 4331 ea
659 4265 828 4351 diligentia
846 4270 1037 4349 terminetis,
1052 4290 1095 4333 ne
1116 4268 1211 4333 nobis
1230 4269 1267 4332 in
1289 4289 1340 4333 ec·
