3225 5192
258 684 1016 811 sn.1161-be.]munomsusmsrns0un
1138 727 1210 790 249
1302 765 1307 774 ·

287 1081 509 1148 EPISTOLA
521 1078 802 1144 *CLXXIX-sn
817 1096 1007 1141 sousuusrr
1024 1097 1188 1143 seirom-

548 1202 668 1246 rsrsuu
685 1201 923 1246 carmussru.

265 1335 439 1401 Venerabili
453 1334 574 1397 domim
583 1330 746 1415 fratrique
761 1332 921 1401 canens
935 1331 1073 1395 Joacnnt
1086 1331 1209 1413 Neapo·

302 1440 409 1515 litans,
424 1440 628 1500 sacrosancte
642 1435 789 1498 Romane
803 1435 938 1497 ecclesie
954 1432 1110 1497 cmdiucls'
1119 1453 1209 1515 pres-

303 1542 417 1623 lytmc,
439 1538 549 1621 frater
580 1538 618 1601 G.
648 1538 873 1601 Loadcniesacis
904 1538 1038 1600 ecclesie
1071 1538 1212 1600 minister

302 1646 411 1708 coticis
425 1663 494 1706 cam
508 1642 609 1707 salute
615 1641 688 1722 srui
701 1640 898 1704 succcessibus.

303 1800 346 1862 Iu
370 1796 481 1861 officiis
507 1796 630 1879 gratius
655 1796 802 1877 impensa
827 1793 1027 1877 suscipimus,
1051 1814 1122 1877 quae
1143 1814 1212 1857 non

261 1901 393 1965 extorsit
408 1900 591 1976 necessitas,
607 1896 664 1962 sed
679 1896 747 1960 sola
762 1896 874 1978 gratiae
889 1895 1067 1959 sincerioris
1081 1916 1211 1979 procur·

260 2004 341 2067 ravit
363 2001 500 2066 affectio.
545 1999 726 2084 Approbati
748 1998 879 2082 quidem
900 1998 999 2062 moris
1022 2005 1081 2076 est,
1101 2004 1140 2061 ut
1161 1997 1212 2061 his

261 2105 360 2169 artius
375 2112 545 2168 teneamur
559 2102 699 2180 obnoxii,
716 2103 771 2185 qui
788 2123 911 2165 meram
930 2108 1114 2165 exercentes
1133 2100 1212 2165 libe·
1322 2114 1323 2117 ’

260 2206 432 2284 mitatem,
446 2205 596 2269 ultronea
615 2205 651 2267 in
669 2224 730 2268 nos
747 2202 919 2267 conferunt
933 2202 1099 2282 beneficia,
1115 2225 1212 2287 quem

260 2330 339 2393 quos
359 2306 401 2373 sd
419 2307 455 2372 id
473 2308 580 2391 ipsum
599 2306 810 2390 precedentis
829 2306 936 2370 meriti
954 2306 1135 2389 provocavit
1156 2306 1212 2369 sd-

260 2411 465 2476 ministratio.
512 2410 609 2475 Unde
635 2432 695 2473 nos
721 2409 874 2494 obsequio
900 2416 1005 2473 vestro
1034 2408 1070 2472 id
1097 2408 1213 2473 fortius

261 2515 394 2598 obliget,
414 2513 499 2597 quod
521 2512 718 2597 praevenistis
740 2534 800 2576 nos
821 2512 858 2575 in
878 2510 1158 2576 benedictionibus
1180 2519 1214 2575 ct

261 2618 357 2682 certis
378 2638 486 2681 rerum
505 2615 732 2699 experimentis
747 2614 891 2678 fructum
906 2620 1019 2677 vestre
1034 2613 1213 2677 dilectionis

261 2728 337 2786 ante
360 2720 528 2797 sensimus,
545 2740 639 2802 quam
662 2717 840 2781 affectionis
863 2716 988 2780 vicarie
1009 2714 1099 2780 vobis
1119 2716 1213 2779 inno·

261 2830 398 2887 tesceret
413 2828 653 2904 argumentum.
700 2820 797 2886 Quod
811 2818 1014 2902 impendistis
1029 2824 1078 2882 est
1093 2818 1214 2901 gratui-

261 2932 342 3005 tum,
359 2924 446 3008 quod
465 2923 629 3006 diligendo
648 2921 855 3005 rependimus
875 2921 983 3004 dispar
1001 2918 1100 2984 habet
1120 2922 1213 2984 meri-

260 3035 340 3092 tum.
388 3026 481 3091 Illius
496 3027 638 3090 levorem
653 3025 787 3108 simplex
802 3032 900 3108 anget
915 3023 1101 3102 liberalitas,
1116 3024 1214 3107 hujus

262 3130 473 3195 remissiorem
490 3129 628 3212 gretiam
642 3137 805 3211 praeventa
823 3128 901 3192 facit
920 3127 1043 3191 meritis
1062 3133 1097 3191 ct
1116 3126 1214 3191 bene-

261 3234 342 3297 ficiis
357 3234 463 3297 excita
476 3232 636 3295 voluntas.
684 3230 765 3296 Haec
784 3254 844 3296 nos
862 3232 973 3296 omnia
991 3230 1032 3296 sd
1052 3231 1215 3297 uberiores

262 3336 401 3400 invitant
426 3336 604 3418 gratiarnm
628 3336 778 3413 actiones,
803 3356 882 3417 quas
905 3343 943 3398 ut
965 3342 1041 3399 vots
1063 3336 1214 3418 gerimus,

262 3440 388 3503 utinam
409 3458 504 3521 opere
524 3438 750 3521 compleamus,
771 3459 942 3521 personam
962 3437 1119 3520 siquidem
1142 3460 1215 3502 nos-

263 3547 347 3605 tram
370 3548 404 3604 et
425 3540 595 3604 securitates
609 3539 699 3604 vobis
714 3540 887 3619 offerimus,
904 3562 978 3604 cum
997 3540 1087 3604 Deus
1102 3562 1216 3624 oppor-

262 3644 438 3707 tunitatem
454 3642 579 3706 dederit
594 3643 712 3706 effectu
726 3642 823 3706 verba
836 3642 1010 3725 probaturi.
1036 3643 1140 3726 Super
1155 3643 1216 3706 sol·

262 3744 431 3809 licitudine
451 3752 555 3809 vestra
576 3745 714 3827 negotiis
734 3745 853 3808 nostris
876 3744 1019 3809 exhibita
1040 3754 1073 3809 et
1095 3746 1217 3810 honore

264 3848 386 3911 clericis
410 3847 528 3911 nostris
551 3846 707 3930 impenso,
730 3868 788 3930 pro
811 3847 989 3930 gratiarum
1010 3847 1136 3911 senone
1158 3869 1217 3911 nos

264 3949 354 4014 vobis
375 3957 409 4014 et
430 3950 516 4033 ipsos
538 3948 738 4027 devovemus,
760 3950 976 4033 supplicantes
996 3952 1163 4030 attentius,
1179 3959 1217 4014 nt

265 4051 352 4135 quod
378 4072 417 4115 ex
442 4060 533 4135 parte
560 4072 710 4135 prospere
736 4059 863 4134 gestum
889 4059 948 4130 est,
972 4052 1014 4116 ad
1039 4054 1217 4136 perlectum

264 4162 379 4218 vestrae
416 4153 616 4219 discretionis
652 4153 813 4217 industria
842 4155 1057 4237 pertrahatur.
1117 4156 1219 4218 Juxta

264 4256 363 4321 vestri
391 4277 466 4321 vero
495 4256 632 4319 formum
661 4256 795 4334 consilii,
825 4258 888 4321 iter
917 4257 959 4320 sd
991 4278 1046 4321 vos
1079 4258 1218 4339 arripere

265 4366 524 4443 temptassemus,
549 4360 611 4423 nisi
635 4361 720 4443 pacis
743 4360 830 4424 inter
852 4360 1021 4423 dominum
1044 4381 1161 4443 papam
1185 4367 1218 4423 et
