3225 5192
419 343 514 407 ’,μ’
626 372 646 391 ,.

181 678 186 686 ’
245 714 311 757 so.
330 643 526 779 nol-saa]
579 676 1021 761 sonnonrirssrsnrrsronn.
1133 672 1224 757 225'

244 826 400 909 decidere,
417 831 523 915 aliqua
538 832 650 915 procul
670 830 768 896 dubio
784 831 868 915 juris
887 812 946 895 aab
963 831 1040 895 facti
1060 830 1198 895 necessi·

244 940 311 999 tare
333 934 574 1019 praepediamur.
603 935 719 999 .Unde
740 936 767 998 si
789 945 920 999 causam
936 933 1111 999 Herlewini
1134 935 1200 997 cle-

244 1036 302 1101 rici
324 1038 475 1101 adversus
496 1038 599 1102 virum
620 1038 831 1103 venerabilem
855 1038 1005 1103 abbatem
1028 1038 1068 1101 de
1088 1036 1198 1101 Ibreio

238 1139 446 1225 ‚aliquantula
467 1161 559 1206 mora
583 1142 807 1224 protraximus,
831 1142 867 1207 id
889 1162 993 1205 caasae
1017 1140 1135 1219 extitit,
1158 1149 1197 1203 nt

245 1242 305 1307 sub
319 1244 447 1308 indulta
465 1265 556 1308 mora
575 1244 679 1311 verbis
700 1253 732 1309 et
753 1244 943 1327 ambagibus
957 1245 1103 1308 involuta
1116 1242 1197 1306 veri·

189 1407 195 1415 .
244 1352 294 1409 tas
310 1354 485 1426 erueretur,
497 1356 531 1411 et
546 1347 585 1411 lis
599 1348 634 1411 in
649 1349 783 1430 longum
799 1357 971 1431 protracta,
983 1349 1049 1411 fine
1062 1347 1195 1411 tandem

245 1448 389 1532 legitimo
411 1451 579 1534 sopiretur.
624 1450 674 1515 Eo
697 1473 769 1516 vero
791 1451 944 1534 prooessit
966 1450 1196 1533 inquisitio,·nt

244 1553 373 1616 statutis
395 1552 509 1617 diebus
531 1552 687 1637 pluribus,
712 1559 745 1616 et
770 1552 916 1635 partibus
938 1551 974 1615 in
998 1572 1032 1615 se
1057 1551 1195 1615 invicem

140 1647 145 1656 ¹
244 1656 491 1739 experientibus,
504 1656 635 1720 domino
646 1655 866 1719 Wintoniensi
877 1662 911 1718 et
922 1654 1015 1746 nobis
1027 1662 1060 1718 et
1074 1653 1197 1717 instru-

244 1760 362 1823 mentis
386 1767 419 1824 et
441 1760 579 1824 testibus
601 1757 723 1841 liquido
747 1758 943 1837 claresceret,
966 1758 1195 1823 decimationes

243 1862 328 1945 ipsas
348 1884 427 1947 quas
447 1862 549 1929 modis
569 1862 719 1926 omnibus
739 1868 927 1944 extorquere
946 1861 1065 1925 nititur
1079 1859 1195 1925 Herle-

246 1964 413 2044 uinuaed
433 1966 599 2033 ecclesiam
615 1964 655 2029 de
670 1965 884 2047 Docchinges,
905 1986 1001 2047 quam
1023 1967 1091 2051 jam
1108 1964 1196 2029 dicto

246 2068 356 2138 abbati
370 2076 475 2133 vestra
489 2068 615 2153 jamdiu
638 2068 832 2151 adjudicavit
846 2068 1028 2146 auctoritas,
1040 2070 1116 2151 jure
1129 2068 1197 2151 ple·

248 2171 378 2236 nissimo
391 2173 563 2256 pertinere,
576 2180 610 2235 et
624 2171 753 2235 easdem
767 2169 950 2235 Herleaino
963 2173 1054 2236 nullo
1068 2194 1197 2255 prorsus

243 2276 316 2359 jure
331 2282 521 2359 competere.
565 2276 702 2339 Factum
722 2276 809 2338 enim
828 2296 892 2357 qno
908 2275 1026 2339 nititur
1042 2276 1197 2339 Herlewi·

247 2398 309 2441 nus
323 2377 384 2441 hoc
399 2384 458 2441 est.
489 2377 645 2461 Tempore
660 2376 746 2455 belli,
762 2398 837 2441 cum
852 2377 887 2440 in
899 2378 1082 2461 Anglorum
1096 2400 1198 2462 regno

246 2481 362 2545 licebat
387 2481 454 2545 sere
479 2488 584 2545 toturn
611 2481 727 2563 cuique
754 2481 840 2563 quod
868 2489 1005 2563 poterat,
1031 2482 1196 2546 ecclesiam

243 2584 311 2667 jam
348 2585 466 2649 dictam
504 2584 635 2668 quidam
672 2583 855 2647 Willelmns
891 2585 1023 2648 nomine
1062 2585 1198 2667 adeptus

246 2695 304 2751 est.
356 2689 455 2752 Hunc
482 2685 693 2765 Herlewinus,
718 2686 760 2751 ob
786 2687 875 2771 quod
900 2688 1066 2751 ecclesiam
1093 2688 1197 2770 ipsam

247 2800 381 2876 patruus
402 2812 478 2855 suus
500 2791 642 2873 qnidam,
655 2791 803 2855 videlicet
825 2791 972 2855 sacerdos
993 2800 1069 2855 ante
1090 2812 1198 2874 posse-

247 2898 348 2975 derat,
363 2896 520 2959 inlestans
534 2896 721 2979 plurimum,
736 2896 771 2957 in
786 2894 848 2959 boc
862 2894 994 2958 tandem
1009 2893 1148 2971 induxit,
1159 2901 1199 2956 ut

247 3000 474 3065 decimationes
498 2999 640 3064 ecclesia·
664 3020 723 3062 sua
747 2998 853 3061 solum
876 2998 1066 3066 auctoritate
1088 3017 1199 3061 annuo

247 3104 308 3168 sibi
331 3125 432 3169 censu
453 3103 610 3167 tenendas
633 3101 834 3180 concederet,
857 3108 897 3165 ut
921 3101 1124 3165 Herlewinus
1148 3100 1200 3164 vel

247 3208 292 3273 sic
307 3208 348 3272 ab
363 3208 432 3292 ejus
446 3206 653 3271 infestatione
667 3205 919 3289 conquiesceret.
963 3205 1029 3270 Qui
1042 3204 1199 3269 nimirum

246 3311 429 3375 Willelmus
447 3331 514 3373 non
535 3308 638 3373 multo
659 3316 732 3392 post
754 3308 795 3372 ad
818 3310 945 3391 frugem
963 3309 1106 3373 melioris
1123 3309 1200 3373 aitae

248 3436 282 3479 se
295 3414 502 3491 transferens,
518 3412 684 3477 ecclesiam
699 3433 773 3476 cum
788 3412 940 3476 omnibus
955 3413 995 3475 ad
1009 3414 1112 3495 ipsam
1126 3434 1200 3496 per-

247 3518 437 3595 tinentibus,
452 3517 487 3580 in
502 3538 637 3581 manum
657 3517 780 3581 domini
799 3518 1015 3582 Norwicensis
1035 3518 1203 3596 refutavit,

247 3635 285 3685 ut
300 3644 371 3686 eam
385 3622 454 3705 ipse
469 3621 662 3705 disponeret,
674 3629 707 3685 et
721 3642 891 3705 personam
902 3623 972 3705 jam
985 3622 1115 3686 vacanti
1126 3644 1203 3705 pro-

248 3724 379 3788 videret.
424 3724 568 3788 Ecclesia
591 3724 636 3788 sic
659 3732 793 3789 vacante
816 3724 999 3788 Willelmus
1025 3724 1066 3788 de
1091 3724 1204 3789 Ibreio

248 3828 342 3892 fundi
366 3828 467 3911 ipsius
497 3828 657 3906 dominus,
684 3828 835 3892 abbatem
861 3828 902 3893 dc
932 3828 1041 3893 Ibreio
1068 3828 1204 3893 domino

246 3932 445 3997 Norwicensi
467 3940 676 4016 praesentans,
699 3932 732 3995 id
755 3932 964 4015 supplicando
986 3931 1138 4011 obtinuit,
1161 3938 1200 3995 ut

249 4056 323 4098 ennr
344 4036 380 4098 in
400 4034 533 4099 ecclesia
550 4034 621 4117 ipsa
639 4055 809 4117 personam
830 4036 1050 4112 constitueret,
1066 4056 1201 4118 eamque

250 4159 322 4202 cum
339 4137 488 4202 omnibns
504 4136 544 4201 ad
559 4138 662 4221 ipsam
676 4137 915 4221 pertinentibus
932 4138 1127 4203 monasterio
1142 4158 1202 4201 suo

250 4240 304 4323 pia
323 4246 355 4303 et
375 4240 411 4303 in
434 4247 626 4323 perpetuum
647 4240 786 4305 valitura
806 4240 981 4306 donatione
1001 4240 1201 4307 concederet.

253 4342 455 4407 Herlewinus
469 4364 603 4421 veroex
623 4350 716 4427 pecto
737 4366 813 4407 crnn
826 4345 991 4409 Willelmo
1008 4344 1101 4423 inito,
1121 4343 1202 4409 nulli

722 4468 743 4517 Q
