3225 5192
325 712 389 753 no.
408 693 605 777 nse-61]
656 712 1146 761 nneunoanrnusrssrrsnonn.
1212 700 1271 760 151

470 1027 690 1091 EPISTOLA
713 1028 933 1093 CXIIL-su
949 1050 982 1093 s.
998 1048 1125 1094 narsis.

324 1178 416 1239 Patri
437 1198 492 1241 earo
516 1183 547 1241 et
572 1178 694 1243 mico
722 1198 840 1243 summo
866 1179 1006 1261 pontifici
1034 1184 1077 1245 Α.
1098 1180 1207 1263 frater
1232 1182 1271 1245 G.

363 1279 612 1362 Heresordieasis
626 1283 759 1347 ecclesie
769 1283 920 1361 minister,
932 1283 1069 1348 debitum
1083 1286 1227 1351 camnis
1241 1292 1272 1348 et

364 1384 540 1448 obedientiae
545 1383 745 1466 famulatum.

366 1533 442 1601 Quo
461 1535 598 1599 fratrum
620 1536 717 1601 corda
738 1536 811 1620 pius
833 1556 924 1601 amor
944 1542 1116 1601 connectat
1134 1536 1272 1617 vinculo,

321 1658 416 1701 nemo
435 1637 524 1702 vobis
543 1646 634 1722 pater
654 1638 751 1703 ultius
773 1638 914 1723 inspicit,
934 1660 1032 1721 penes
1054 1660 1149 1722 quem
1171 1640 1271 1703 virtu-

321 1744 391 1803 tum
411 1740 565 1823 magistra
584 1742 700 1807 caritas
714 1741 932 1825 principatum
945 1740 1097 1806 nobiliter
1110 1741 1271 1820 obtinens,

322 1841 471 1907 virtutem
493 1844 652 1928 condigne
674 1851 903 1909 remunerante
924 1845 1076 1925 Domino,
1094 1866 1150 1909 vos
1170 1846 1272 1909 totius

258 1998 261 2003 .
322 1944 421 2010 Israel
450 1968 582 2011 currum
611 1949 821 2031 aurigamque
846 1948 1024 2012 constituit.
1080 1948 1153 2011 Hac
1177 1947 1272 2013 nobis

320 2048 495 2131 plurimum
510 2051 697 2135 imperante,
711 2052 828 2115 dilecto
838 2050 931 2115 fratri
942 2058 1054 2115 nostro
1064 2052 1272 2134 praesentium

319 2153 423 2233 latori,
444 2156 578 2221 Nicolao
600 2158 825 2240 compatimur,
848 2164 882 2223 et
905 2156 1031 2239 lugenti
1052 2156 1271 2221 collacrimun·
1375 2143 1381 2151 ⁵

319 2262 376 2335 tes,
392 2278 450 2341 pro
464 2258 534 2341 ipso
548 2259 739 2323 sublimitati
758 2267 873 2337 uestrae
893 2260 954 2323 etsi
977 2260 1067 2324 nulla
1082 2280 1138 2345 spe
1153 2260 1271 2339 meriti,

320 2358 530 2444 benignitatis
544 2368 654 2427 temen
669 2363 849 2447 apostolice
864 2363 975 2429 confisi
989 2364 1102 2447 gratia,
1115 2364 1273 2448 supplica·
1351 2412 1355 2420 .

320 2483 401 2525 mus.
441 2462 569 2529 Absens
584 2465 670 2529 enim
684 2466 836 2531 innoxius
851 2474 884 2530 et
899 2466 1062 2549 ignorans,
1078 2466 1272 2531 archidiaco-

320 2570 401 2629 natu
416 2587 512 2649 quem
527 2574 560 2631 et
571 2568 659 2651 juste
673 2568 866 2652 possidebat,
882 2577 916 2634 et
930 2568 1135 2633 ministrabat
1158 2568 1272 2648 sobrie,

319 2668 409 2732 nulla
433 2670 515 2752 juris
545 2678 602 2735 aut
631 2672 752 2737 ordinis
782 2671 1003 2737 observatione
1032 2669 1186 2755 spoliatus
1212 2679 1271 2735 est.

320 2770 393 2837 Qua
416 2771 456 2835 de
482 2793 527 2850 re,
552 2794 651 2857 quum
675 2797 769 2838 suum
791 2776 860 2860 jam
882 2776 1067 2858 frequenter
1088 2775 1273 2859 episcopum

318 2874 495 2938 multorum
509 2876 607 2940 etiam
621 2875 1019 2957 interventuconvenerit,
1038 2876 1086 2939 nil
1106 2876 1273 2943 inveniens

320 2978 434 3057 solatii,
453 2980 501 3043 nil
519 2980 652 3045 omnino
669 2981 812 3059 remedii,
828 2981 870 3045 ad
884 3000 1108 3064 oppressorum
1125 2980 1273 3063 confugit

319 3082 453 3166 speciale
476 3083 665 3163 subsidium,
686 3084 742 3148 ubi
764 3084 842 3149 facit
864 3084 1025 3149 Dominus
1044 3084 1203 3169 judicium
1222 3086 1271 3149 in·

320 3186 381 3271 opi,
397 3195 430 3251 et
446 3188 570 3253 afflictae
585 3210 713 3253 cainam
729 3190 834 3255 viduae
850 3191 938 3254 intra
952 3190 1003 3253 sui
1016 3190 1182 3273 penetrale
1197 3211 1273 3255 con-

320 3293 414 3357 clavis
429 3293 582 3358 admittit.
629 3293 745 3373 Quem,
761 3317 863 3378 quum
876 3294 911 3359 id
925 3296 1074 3377 exigente
1086 3294 1223 3379 justitia,
1238 3301 1272 3359 et

320 3404 436 3479 agente
465 3396 691 3475 misericordia,
714 3396 890 3461 clementer
911 3395 1127 3474 exaudieritis,
1153 3397 1272 3461 multos

319 3498 352 3561 id
372 3498 520 3563 desiderii
540 3505 573 3564 et
592 3484 747 3565 orationib
766 3499 807 3563 od
827 3500 1007 3565 Dominum
1021 3499 1272 3579 inflammabitis,
1333 3531 1341 3548 ·

320 3606 356 3665 nt
375 3601 411 3664 in
430 3600 529 3683 longa
547 3608 692 3685 tempora
713 3600 849 3666 feliciter
871 3602 1047 3685 disponatis
1069 3609 1102 3667 et
1120 3602 1273 3686 judicetis

321 3703 430 3782 Israel,
446 3704 502 3787 qui
516 3724 627 3768 causas
643 3705 712 3788 ejus
727 3726 794 3769 non
809 3726 851 3769 ex
863 3725 1073 3788 personarum
1087 3705 1273 3788 acceptione

321 3806 375 3869 scd
404 3805 556 3889 aequitate
585 3828 712 3871 summa
740 3807 930 3871 discernitis.
976 3806 1093 3871 Valeat
1122 3806 1272 3871 dominus

319 3930 409 3973 meus
425 3915 459 3974 et
473 3916 565 3992 pater
579 3910 614 3973 in
630 3910 759 3975 Christo
774 3909 966 3974 carissimus.
