3225 5192
277 666 344 709 Λα).
364 643 561 727 llos-61]
609 663 1102 708 nusnronmrusrsemsronn.
1172 646 1235 711 18⁷

274 790 311 849 et
328 781 462 849 occultis
481 781 575 847 aliter
594 788 691 865 atque
711 780 804 847 aliter
820 781 1046 866 judicandum,
1059 783 1235 846 temoleri-

276 907 331 951 cos
343 907 442 969 qnam
456 886 554 951 laicos
569 884 715 971 ejusdem
729 885 791 950 loci
805 884 993 970 adjurantes
1007 887 1056 951 nil
1070 886 1235 970 potuimus

276 989 438 1073 repperire
451 989 588 1073 vestigii,
602 1010 666 1073 quo
680 988 774 1053 nobis
789 988 906 1053 veritas
920 990 1126 1055 elucesceret
1149 990 1234 1054 Con-

277 1092 415 1176 gruebat
430 1113 571 1177 namque
586 1098 714 1176 tempus
729 1092 893 1177 mysterio,
909 1098 943 1158 et
957 1091 1019 1157 sub
1034 1091 1139 1158 noctis
1158 1114 1234 1157 eon·

276 1196 391 1261 ticinio
404 1196 511 1260 firerat
526 1216 606 1279 opus
621 1200 852 1279 perpetratum.
897 1194 1114 1260 Attendentes
1136 1195 1235 1259 etiam

278 1302 354 1387 quia
375 1302 487 1386 agenti
508 1300 668 1365 incumbit
690 1300 847 1385 probatio,
867 1306 901 1365 et
921 1300 1008 1386 quod
1028 1300 1057 1365 is
1079 1301 1136 1384 qui
1156 1301 1235 1385 agit,

270 1407 484 1492 probationes
498 1407 613 1472 afferre
628 1405 754 1485 debeat,
771 1405 887 1490 quibus
900 1405 935 1471 id
949 1406 1064 1490 probet
1079 1405 1165 1490 quod
1183 1406 1235 1470 in·

277 1509 395 1589 tendit,
411 1516 445 1574 et
467 1508 508 1573 ob
530 1509 593 1575 hoc
615 1531 635 1574 a
655 1508 815 1573 militibus
836 1509 1035 1573 sciscitantes
1050 1530 1148 1593 quam
1165 1509 1235 1594 ejus

278 1635 375 1697 quam
392 1612 608 1677 intendebant
626 1612 663 1676 in
682 1612 832 1677 comitem
849 1611 1073 1697 probationem
1088 1612 1234 1691 afferant,

278 1714 361 1779 nihil
383 1714 472 1780 alind
491 1715 683 1794 invenimus,
703 1714 767 1779 nisi
788 1714 874 1799 quod
893 1722 960 1779 tres
980 1736 1093 1780 eorum
1111 1714 1236 1779 mutuis

277 1818 423 1883 volentes
448 1818 498 1883 uti
522 1817 727 1896 testimoniis,
753 1817 872 1900 singuli
897 1817 977 1882 duos
1000 1816 1144 1902 ejusdem
1168 1816 1235 1881 litis

277 1929 442 1987 consortes
461 1929 560 1986 testes
579 1921 616 1984 in
637 1942 705 1985 suoe
724 1920 917 1986 intentionis
935 1920 1144 1987 assertionem
1162 1942 1235 2005 pro-

279 2025 453 2104 ducebant,
469 2024 510 2089 de
525 2030 648 2108 quanto
667 2023 751 2089 nihil
771 2024 955 2103 adicientes,
975 2024 1040 2088 nisi
1055 2024 1141 2109 qnod
1159 2045 1236 2089 eum

279 2149 348 2194 non
362 2129 399 2193 in
413 2128 603 2208 coemiterio,
619 2126 676 2193 sed
690 2149 749 2213 per
762 2128 978 2194 coemiterium
992 2127 1068 2193 duci
1081 2148 1234 2213 conspex-

279 2240 383 2297 erant.
429 2231 606 2315 Quumque
630 2252 727 2315 super
750 2231 812 2295 hoc
834 2231 1021 2297 testimonio
1042 2232 1156 2297 fidsset
1178 2231 1235 2295 ali·

280 2334 434 2419 quamdiu
460 2334 671 2419 disputatum,
696 2334 803 2419 ipsum
829 2334 963 2400 tandem
987 2334 1098 2399 minus
1121 2356 1235 2400 conve-

271 2438 373 2503 ‘niens
403 2438 631 2523 reputavimus,
658 2444 731 2503 tum
759 2445 890 2523 propter
918 2444 1101 2522 suspectam
1128 2438 1236 2503 mutui

274 2540 427 2611 ‚beneficii
456 2540 721 2620 vicissitudinem,
746 2548 819 2605 tum
850 2540 926 2625 quia
953 2540 1175 2625 unusquisque
1200 2541 1236 2604 in

281 2666 379 2710 causa
392 2644 454 2710 huc
469 2646 621 2710 adversm
636 2646 788 2711 comitem
803 2651 946 2710 actorem
960 2666 995 2709 sc
1008 2644 1130 2729 pariter
1147 2644 1235 2739 exbi-

281 2746 380 2813 bebat
401 2754 435 2812 et
457 2754 583 2813 testem.
628 2749 672 2813 Et
689 2748 764 2833 quis
777 2748 965 2834 frequenter
977 2748 1139 2832 impunite
1151 2748 1236 2813 foret

281 2872 319 2915 cx
339 2851 412 2935 lege
432 2852 565 2931 malitia,
581 2852 651 2916 sid
672 2897 888 2916 .........
907 2852 943 2917 in
963 2851 1086 2935 flagitio
1100 2851 1238 2916 honesta
1294 2878 1298 2887 ¹

281 2954 321 3019 de
351 2977 385 3021 se
414 2956 743 3035 comminiscentibus,
772 2956 886 3021 multis
917 2956 954 3021 in
984 2958 1074 3021 hunc
1103 2956 1237 3021 modum

279 3058 473 3123 testimoniis
493 3060 543 3124 uti
561 3059 801 3125 concederetur.
850 3058 912 3124 His
931 3061 1040 3145 itaque
1060 3061 1144 3124 circa
1163 3081 1235 3145 pro-

281 3161 447 3227 bationem
463 3162 696 3244 deficientibus,
712 3162 871 3248 nobisque
886 3185 999 3229 eorum
1012 3163 1236 3248 probationem

214 3303 217 3310 ,
281 3266 330 3330 nil
349 3274 474 3330 certum
494 3266 649 3350 indagare
663 3266 856 3346 valentibus,
872 3268 983 3332 comiti
1002 3268 1235 3353 probationem,
1323 3289 1329 3300 ’

282 3390 379 3453 quam
398 3370 435 3433 in
451 3369 526 3453 jure
546 3369 718 3451 obtulerat,
735 3370 998 3455 adjudicavimus,
1014 3378 1052 3435 ut
1072 3370 1120 3437 sis
1136 3372 1236 3436 finem

281 3473 505 3537 controversiae
530 3495 731 3557 poneremus.
778 3471 860 3539 Haec
883 3475 1046 3539 sententia
1067 3482 1117 3540 est
1138 3497 1236 3559 quem

280 3575 425 3655 ttulimus,
451 3576 544 3661 cujus
573 3577 756 3642 executioni
779 3578 966 3662 prinsquam
990 3579 1059 3642 lata
1081 3578 1175 3658 foret,
1202 3600 1237 3644 se

282 3700 389 3745 comes
400 3680 530 3746 obtulit.
560 3680 737 3765 Postquam
752 3681 820 3747 leta
833 3688 882 3747 est
897 3683 939 3747 sd
952 3682 1153 3765 audientiam
1167 3704 1236 3748 ves·

281 3790 367 3849 trem
382 3791 455 3868 post
472 3792 546 3849 octo
566 3784 663 3869 [dies]
684 3785 864 3871 appellavit.
910 3784 1007 3851 Hanc
1020 3786 1131 3870 itaque
1141 3786 1237 3871 juxta

282 3888 393 3953 datam
415 3888 504 3953 vobis
526 3888 727 3973 sapientiam,
750 3896 807 3955 aut
830 3888 994 3974 corrigetis
1017 3888 1045 3953 si
1067 3890 1235 3973 placuerit,

281 4001 338 4058 aut
361 3992 389 4057 si
411 3992 451 4058 de
469 3994 544 4079 jure
561 3994 787 4078 quoquomodo
802 4002 887 4060 stare
901 4002 1017 4079 potest,
1033 3995 1235 4061 roborabitis.

282 4096 404 4161 Noster
423 4097 511 4162 enim
531 4104 637 4181 potest
652 4098 764 4163 oculus
779 4099 993 4182 caligassent
1012 4106 1123 4164 tamen
1141 4098 1236 4166 sorde

280 4199 424 4283 corrupti
449 4200 499 4263 vel
525 4201 631 4284 gretia
656 4200 738 4264 nihil
759 4201 984 4286 judicavimus,
1008 4201 1065 4266 sed
1093 4202 1129 4264 in
1155 4222 1234 4264 eun·

281 4302 355 4368 dem
371 4303 504 4368 modum
524 4304 629 4369 multe
648 4327 667 4369 a
686 4305 831 4390 patribus
847 4306 994 4390 judicata
1013 4326 1080 4369 non
1100 4302 1234 4386 ambigi-
