3225 5192
256 691 323 736 am.
344 669 540 751 1161-89.]
592 688 1033 732 aouoournusisnmsoonn.
1145 673 1209 734 853

255 815 410 894 poterunt
424 807 644 874 transformari
659 807 847 890 perfectum.
872 806 955 870 Quae
965 806 1094 889 quidem
1106 807 1209 871 menti

207 907 218 986 ’,
256 933 346 990 meae,
362 911 424 975 et‘si
439 909 480 974 ad
498 916 702 976 momentum
717 910 872 993 inspecte,
888 916 999 973 tamen
1015 909 1111 973 altius
1124 909 1209 974 inse·

255 1014 384 1093 derunt,
411 1013 491 1076 adeo
516 1021 554 1077 ut
584 1012 634 1076 tui
660 1013 852 1096 quandoque
876 1013 1147 1096 contemplatione
1172 1015 1209 1078 in

147 1153 149 1156 ·
255 1137 374 1180 novum
397 1115 558 1198 quendam
580 1114 744 1179 hominem
766 1116 927 1179 transiens
949 1116 1108 1199 meipsum
1128 1116 1208 1180 mihi

254 1218 363 1283 videar
377 1218 614 1302 quodammodo
628 1219 815 1284 transilisse.
861 1219 945 1282 Inde
960 1225 1009 1282 est
1024 1219 1109 1302 quod
1130 1220 1208 1284 totis

254 1322 341 1385 ulnis
356 1322 498 1385 caritatis
514 1321 689 1405 amplector
704 1321 881 1400 absentem,
898 1343 993 1405 quem
1015 1329 1207 1404 praesentem

44 1411 49 1506 J
176 1441 179 1446 ’
253 1425 370 1500 videre,
386 1431 419 1488 et
434 1425 556 1488 devotis
573 1432 605 1489 et
621 1425 737 1489 debitis
751 1425 896 1489 venerari
911 1425 1071 1509 obsequiis
1092 1425 1207 1489 intime

254 1529 454 1611 concupisco.
500 1529 587 1594 Quia
606 1550 680 1593 vero
702 1536 994 1613 praesumptuosum
1014 1528 1206 1612 quandoque

253 1631 368 1695 caritas
384 1631 491 1709 efficit,
506 1632 755 1715 postulationem
769 1633 855 1697 hane
866 1624 939 1696 linis
951 1631 1093 1715 epistolae
1103 1631 1206 1696 eonti-

253 1733 356 1814 nebit,
373 1735 526 1818 quatinus
540 1735 675 1799 fratrem
689 1744 838 1800 nostrum
852 1736 1022 1814 dominum
1036 1736 1203 1814 Thomam,

253 1837 392 1920 priorem
408 1838 566 1902 [lantonae
581 1859 676 1921 super
691 1838 891 1903 absolutione
907 1861 966 1902 sua
978 1860 1037 1922 pro
1052 1860 1116 1921 qua
1136 1839 1205 1921 pln-

253 1940 372 2004 rimum
387 1940 498 2019 instat,
511 1941 686 2005 elementer
700 1940 888 2020 exaudiatis,
904 1948 937 2006 et
952 1941 1129 2006 substituto
1144 1941 1206 2005 sibi

252 2041 352 2106 fratre
366 2049 486 2120 nostro,
505 2043 647 2108 Roberto
667 2045 707 2108 de
729 2045 818 2123 Broi,
833 2045 939 2128 ipsum
959 2043 1080 2108 servitii
1099 2052 1133 2107 et
1153 2063 1206 2107 me

213 2205 215 2210 .
254 2145 415 2228 amplioris
430 2145 457 2210 si
471 2146 540 2210 fieri
555 2154 661 2230 potest
676 2149 797 2231 gratiae,
813 2156 879 2212 tuae
894 2147 1071 2213 debitorem
1086 2147 1204 2212 sancti·

252 2249 314 2313 tati
333 2249 548 2314 constituatis.
583 2250 699 2315 Valeat
719 2251 868 2316 dominus
888 2271 989 2328 mens,
1005 2256 1039 2313 et
1057 2255 1150 2331 pater
1169 2249 1204 2312 in

253 2351 382 2417 Christo
398 2352 587 2416 οιιιίειὶιιιιιι4

288 2646 512 2718 EPISTOLA
535 2654 812 2720 couvm-sn
828 2677 861 2720 n.
877 2675 1169 2719 ancnsnmcouuu

610 2778 854 2823 consensurum.

255 2906 410 2970 Gilbcrtas
435 2907 500 2972 Dei
522 2911 630 2992 pratia
655 2911 879 2975 Loadoaierssia
900 2912 1066 2992 episcopas,
1092 2909 1203 2974 dilecto

293 3029 348 3072 earo
363 3011 402 3073 R.
419 3013 637 3077 archidiacano
656 3015 883 3094 colecestrensi,
897 3013 1202 3105 solaterwrcticm,

296 3117 327 3176 ct
341 3114 585 3180 benedictionem

295 3263 468 3328 Drnnems
483 3287 502 3330 a
516 3273 550 3330 te
564 3267 645 3332 mihi
659 3267 769 3334 literas
783 3268 888 3332 multa
907 3268 1016 3352 gaudii
1037 3269 1202 3333 alacritate

250 3365 385 3450 suscepi,
400 3367 560 3451 inspectas
574 3375 685 3434 tamen
699 3371 878 3455 paululum,
894 3391 979 3455 aegra
992 3371 1202 3456 proculdubio
1274 3440 1279 3452 ,

150 3489 153 3496 ·
250 3476 360 3534 mente
377 3471 530 3554 percurri.
575 3471 667 3536 Loeta
681 3473 762 3536 mihi
776 3473 960 3538 nuntianda
974 3472 1152 3557 sperabam,
1167 3480 1201 3537 et

250 3594 323 3637 eece
338 3593 468 3658 gravem
482 3575 638 3658 ingerunt
652 3577 734 3640 mihi
747 3576 900 3642 nuntiate
912 3577 1089 3642 tristitiam.
1134 3579 1200 3642 Do-

247 3675 298 3740 leo
328 3697 423 3760 super
448 3678 567 3761 juvene
597 3680 803 3760 nobilissimo,
835 3681 891 3764 qui
919 3688 1113 3765 praemature
1141 3680 1201 3746 fati

249 3801 369 3844 munus
387 3780 541 3864 implevit.
587 3782 706 3849 Casum
725 3785 811 3850 cirea
829 3792 863 3848 te
882 3785 1020 3849 similem
1040 3792 1200 3864 metuens,

249 3904 345 3965 quem
361 3884 502 3964 morbus,
518 3891 556 3948 ut
579 3887 683 3965 audio,
698 3887 803 3952 modis
814 3889 885 3971 jam
898 3888 1045 3968 pluribus
1060 3895 1200 3952 attente-

248 3985 304 4050 vit.
350 3986 448 4052 Unde
469 3987 530 4052 tibi
551 3987 681 4069 mando,
704 3990 927 4077 mandansque
949 3991 1107 4074 praecipio,
1123 4012 1201 4073 qua·

247 4089 337 4152 tinus
361 4091 527 4156 occasione
552 4093 738 4177 postposita,
763 4093 790 4156 si
816 4101 938 4157 statum
963 4093 1117 4157 Bononiae
1140 4093 1201 4156 tibi

247 4200 433 4277 suspectum
444 4202 575 4280 tumque
587 4197 753 4262 adversum
765 4196 944 4261 valetudini
959 4198 1009 4261 vel
1023 4197 1059 4260 in
1073 4196 1200 4261 modico

248 4298 394 4376 senseris,
411 4297 452 4362 ad
468 4301 650 4365 salvandam
672 4301 811 4364 animam
833 4308 923 4365 tuam
945 4299 1033 4364 ocius
1053 4321 1146 4364 exeas
1167 4308 1200 4364 et

698 4425 755 4466 aa
