3225 5192
397 661 463 724 834
715 677 872 724 omnam
887 679 1031 724 ariacum

395 817 455 860 uos
476 797 511 860 in
533 795 596 860 lide
622 803 656 860 et
681 815 737 880 spe
763 795 1007 860 resurrectionis
1028 805 1063 860 et
1086 796 1200 862 salutis
1221 805 1352 864 eterne

396 899 605 964 confirmavit.
651 897 802 963 Clamant
818 898 859 964 ad
873 920 929 964 vos
944 906 1058 964 sancta
1077 899 1148 964 loca
1167 901 1223 965 illa
1241 903 1353 967 omnia

396 1022 468 1086 quar
493 1001 686 1086 jamdudum
717 1001 878 1066 Dominus
906 1003 1079 1085 presentia
1107 1025 1166 1067 sua
1194 1007 1352 1088 corporali

395 1103 614 1186 frequentans,
626 1103 668 1168 ad
679 1125 739 1168 nos
754 1104 795 1169 ab
811 1104 1011 1168 infidelitatis
1026 1125 1133 1170 errore
1147 1109 1352 1187 revocandos,

396 1227 435 1271 ea
456 1207 556 1291 signis
578 1215 612 1272 et
634 1207 808 1272 virtutibus
828 1207 1020 1273 mirabiliter
1041 1209 1224 1275 illustravit.
1271 1213 1353 1277 Haec

396 1309 538 1374 fidelium
555 1309 677 1374 Christi
691 1309 801 1374 labore
816 1311 988 1394 magnifica
1008 1333 1027 1374 a
1047 1333 1249 1395 paganorum
1267 1315 1351 1397 jam-

395 1413 451 1478 diu
470 1421 630 1498 potestate
649 1412 793 1490 liberata,
810 1423 843 1478 et
863 1424 966 1491 eruta,
982 1416 1015 1478 in
1037 1416 1214 1479 eomudem
1234 1439 1351 1482 manus

396 1526 429 1582 et
453 1527 646 1602 potestatem
669 1517 785 1582 iterato
806 1518 949 1583 recidere
973 1519 1231 1602 perhorrescunt.
1277 1520 1351 1584 Plo-

396 1629 470 1686 rant
499 1621 570 1686 loca
599 1630 711 1684 sancta
740 1621 922 1706 principum
948 1643 1082 1686 suorum
1106 1622 1351 1687 lamentabilem

395 1745 516 1802 casum,
531 1745 667 1808 quorum
687 1724 757 1788 aliis
778 1724 886 1808 gladio
900 1725 999 1803 cesis,
1016 1725 1086 1788 aliis
1106 1725 1140 1788 in
1162 1727 1349 1790 servitutem

395 1827 550 1906 deductis,
567 1835 654 1892 terra
673 1826 729 1890 illa
748 1836 861 1892 sancta
879 1836 1120 1912 propugnatore
1136 1829 1203 1913 jam
1225 1851 1349 1907 carens,

395 1938 551 2014 tauquam
566 1931 673 2014 pracda
687 1930 871 1995 infidelibus
891 1939 925 1996 et
944 1932 1085 1995 inimicis
1099 1933 1202 1996 crucis
1217 1932 1348 2010 Christi,

395 2033 457 2096 uisi
483 2033 548 2097 cito
573 2053 706 2097 manum
734 2033 895 2097 Dominus
917 2035 1101 2118 apposuerit
1122 2037 1267 2118 exposita
1288 2043 1347 2098 est.

395 2137 488 2200 Onus
503 2136 590 2200 istud
606 2138 767 2201 sustinent
782 2137 898 2202 batres
912 2140 1015 2202 nostri
1035 2138 1192 2202 carissimi
1210 2146 1245 2202 et
1265 2138 1348 2202 mili·

394 2245 443 2303 tes
458 2237 592 2322 Templi,
608 2239 662 2323 qui
679 2239 719 2316 ob
735 2239 880 2304 locorum
898 2248 1082 2306 sauctorum
1101 2248 1136 2306 et
1155 2242 1192 2304 in
1210 2241 1261 2305 his
1281 2263 1349 2305 ma·

395 2341 544 2404 nentium
559 2341 704 2405 fidelium
719 2341 976 2408 Christianorum
997 2344 1228 2423 defensionem,
1244 2345 1348 2408 omni·

395 2443 457 2509 bus
477 2465 511 2508 se
531 2445 679 2529 periculis
700 2467 868 2530 exponere,
889 2454 1028 2512 mortem
1047 2449 1146 2512 etiam
1166 2448 1268 2533 ipsam
1289 2469 1348 2532 pro

396 2548 525 2614 Christo
547 2556 581 2614 et
601 2549 737 2614 fratrum
758 2551 862 2614 salute
881 2550 990 2615 subire
1009 2553 1113 2636 parati
1133 2560 1221 2616 sunt.
1267 2552 1347 2618 Qui-

394 2651 456 2716 bus
485 2651 527 2716 ad
556 2651 771 2736 repellendam
801 2653 1046 2717 multitudinem
1072 2653 1160 2717 illam
1185 2655 1348 2719 infinitam

394 2755 526 2842 quantis
541 2776 621 2838 opus
636 2755 688 2834 sit,
704 2755 854 2820 discretio
868 2762 975 2820 vestra
989 2777 1056 2819 non
1071 2756 1210 2839 ignorat.
1250 2758 1349 2822 Unde

394 2859 507 2943 pietati
533 2867 645 2923 vestrae
669 2865 740 2923 tota
765 2859 923 2944 supplicat
949 2859 1115 2924 orientalis
1140 2861 1283 2940 eeclesia,
1310 2869 1349 2925 ut

394 2966 451 3049 qui
471 2964 532 3029 sibi
551 2965 722 3048 praesentia
743 2964 900 3048 corporali
921 2964 1092 3028 subvenire
1113 2987 1181 3029 non
1202 2966 1348 3050 potestis,

393 3068 480 3131 facta
505 3067 566 3130 sibi
592 3089 698 3131 rerum
725 3075 902 3130 vestrarum
928 3067 1109 3150 largitione,
1132 3089 1191 3152 per
1214 3090 1347 3133 manum

395 3169 599 3234 defensorum
619 3190 760 3247 suorum,
783 3169 924 3233 militum
946 3170 1068 3234 scilicet
1088 3170 1214 3255 'Pempli
1234 3171 1348 3236 subve-

394 3272 500 3348 niatis,
516 3278 550 3336 et
570 3271 775 3336 imminentia
795 3270 857 3336 sibi
876 3273 1019 3357 pericula
1037 3273 1188 3338 maternae
1206 3275 1348 3339 caritatis

394 3397 454 3460 ope
470 3375 693 3440 submoveatis.
725 3371 889 3440 Hortatur
901 3375 937 3439 in
952 3376 1014 3441 hoc
1029 3376 1196 3441 caritatem
1208 3385 1346 3442 vestrm

395 3478 545 3543 dominus
559 3500 651 3562 papa,
666 3479 836 3543 hortamur
850 3487 883 3543 et
898 3500 968 3558 nos,
983 3479 1019 3543 in
1034 3480 1165 3555 Christo
1180 3481 1346 3560 carissimi,

394 3581 545 3646 omnibus
560 3581 616 3664 qui
635 3581 811 3646 eorundem
831 3581 1069 3647 fraternitatem
1089 3584 1297 3667 susceperint,
1313 3591 1347 3648 et

394 3684 439 3749 eis
455 3685 624 3748 annuatim
640 3685 721 3749 etin
737 3685 802 3748 fine
818 3707 878 3749 suo
892 3685 978 3770 quod
993 3684 1053 3749 sibi
1069 3685 1230 3750 Dominus
1247 3687 1345 3770 inspi-

394 3786 520 3866 raverit,
551 3808 644 3871 prece
674 3794 707 3852 et
736 3788 969 3852 ammonitione
998 3796 1109 3853 nostra
1138 3789 1344 3867 contulerint,

394 3891 577 3958 orationum
597 3891 738 3956 ecolesiae
761 3899 880 3957 nostrae
901 3892 1053 3976 suffragia
1075 3893 1297 3972 concedentes,
1313 3901 1346 3957 et

395 3993 435 4060 de
454 3995 603 4080 injuncta
622 3993 682 4059 sibi
701 3995 894 4079 poeuiteutia
913 3995 991 4060 dum
1011 3997 1047 4060 in
1066 3997 1179 4061 eadem
1197 3996 1346 4061 fraterni-

394 4106 462 4164 tate
487 4099 733 4182 permanserint,
756 4099 971 4182 quadragiuta
996 4100 1065 4166 dies
1090 4102 1185 4166 anuis
1210 4101 1346 4185 singulis

298 4257 307 4276 ,
394 4221 544 4266 concessa
564 4200 657 4265 nobis
676 4223 696 4265 a
715 4202 857 4266 Domino
876 4210 1036 4286 potestate
1054 4204 1245 4268 relaxantes.
1280 4205 1346 4268 Va-

394 4305 459 4368 lere
473 4325 528 4369 vos
543 4313 700 4389 optamus,
716 4305 751 4368 in
767 4305 907 4369 Domino
922 4307 1086 4371 carissimi.
