3225 5192
264 705 333 747 nu.
352 682 550 765 ure-61]
601 701 1095 747 ausurosnrsrsrssrrarou.
1156 683 1218 749 1⁷5

262 824 439 897 maturum,
454 816 648 900 interregni
665 816 769 901 hujus
778 815 862 881 male
875 824 1042 901 corruptos
1057 817 1218 901 principes

262 921 384 1004 absque
406 919 476 984 vitii
498 919 680 1003 corruptela
699 920 876 998 incessisse,
899 924 933 983 et
958 920 1030 1003 paci
1052 921 1161 1004 potius
1183 928 1216 986 et

244 1024 430 1107 'sapientia
451 1042 547 1105 quam
569 1021 716 1085 ludibriis
733 1023 929 1107 juvenilibus
951 1023 1120 1087 sollicitam
1141 1046 1215 1107 ope-

261 1148 334 1191 ram
347 1126 551 1193 laudabiliter
565 1125 768 1209 impendisse.
803 1124 877 1190 Hoc
892 1132 951 1204 est,
967 1126 1083 1191 dilecte
1097 1148 1215 1207 comes,

263 1230 350 1313 quod
372 1230 462 1295 vobis
484 1229 570 1313 apud
592 1229 701 1293 Deum
723 1229 828 1312 gratia
849 1229 994 1309 collocat,
1019 1230 1105 1314 quod
1127 1230 1215 1297 vobis

261 1334 484 1416 religiosarum
499 1332 658 1397 mentium
674 1339 748 1397 vota
762 1334 923 1412 conciliat,
940 1333 1026 1416 quod
1040 1334 1129 1399 vobis
1144 1335 1215 1399 Deo

261 1437 490 1501 famulantium
512 1458 579 1501 non
601 1436 762 1500 orationes
781 1436 897 1515 solum,
912 1436 970 1500 sed
990 1438 1088 1501 etiam
1109 1438 1215 1503 solilo-

260 1542 336 1624 quia
358 1548 470 1605 sancta
491 1541 719 1605 communicat.
765 1540 926 1624 Optamus
950 1541 1071 1625 itaque,
1095 1548 1133 1606 ut
1160 1543 1216 1626 qui

260 1644 344 1708 hene
359 1664 487 1709 currere
501 1644 683 1727 incaepistis,
695 1664 827 1708 cursum
837 1644 958 1727 optime
973 1646 1214 1725 consummatis,

261 1754 294 1811 et
317 1747 358 1811 ab
379 1748 558 1831 inspectore
578 1746 723 1811 cordium
743 1752 776 1811 et
795 1746 948 1830 largitore
970 1748 1148 1831 gratiarum
1165 1755 1215 1813 to·

261 1850 346 1915 ciens
369 1852 431 1915 sibi
452 1858 487 1915 et
508 1851 648 1915 ecclesiae
670 1871 737 1914 suae
758 1849 910 1916 exhibitae
931 1854 1119 1917 reverentiae
1139 1873 1215 1917 con·

261 1954 361 2039 digna
374 1955 506 2038 praemia
518 1955 555 2019 in
569 1954 625 2019 illa
639 1954 691 2019 die
705 1954 886 2037 reportetis.
932 1956 982 2019 De
1004 1963 1120 2020 caetero
1140 1978 1214 2039 sup-

260 2058 358 2142 plicat
379 2057 469 2123 vobis
493 2078 552 2142 per·
573 2080 633 2123 nos
662 2058 859 2141 paupercula
879 2058 1214 2123 winchelcumbensis

261 2163 402 2241 ecclesia,
417 2168 456 2226 ut
478 2162 565 2246 apud
586 2162 742 2226 aedituum
757 2168 909 2241 vestrum,
924 2163 1059 2226 Petrum
1081 2163 1121 2227 de
1145 2163 1215 2228 Sal·

259 2266 419 2345 temareis,
434 2285 559 2348 perros
576 2264 713 2348 gratiam
727 2264 881 2343 inveniat,
896 2271 930 2328 et
950 2266 1021 2348 paci
1040 2265 1110 2349 ejus
1129 2265 1215 2349 apud

259 2368 366 2452 ipsum
379 2368 483 2453 pietas
497 2375 603 2433 vestra
615 2367 791 2452 provideat.
836 2367 944 2433 Quam
958 2368 985 2432 si
999 2369 1214 2448 exaudieritis,

259 2478 327 2535 tam
339 2471 424 2555 ipsos
435 2471 589 2537 obnoxios
601 2471 728 2536 servitio
740 2492 838 2555 quam
851 2491 912 2535 uos
926 2472 1039 2554 gratiae
1054 2471 1214 2537 debitores

260 2576 412 2640 efficietis.
442 2575 569 2640 Valete.

292 2880 514 2945 EPISTOLA
536 2878 793 2946 cxxxv-in
810 2899 843 2943 a.
861 2898 904 2942 nr
920 2897 1173 2941 murenarum.

262 3030 299 3095 G.
311 3030 373 3095 Dei
383 3032 492 3115 qratia
502 3030 750 3113 Heresorda'easis
761 3031 929 3112 apocopae,
940 3029 1100 3092 sadanma
1115 3028 1213 3091 amico

460 3155 515 3197 suo
529 3135 569 3198 R.
586 3135 623 3197 dc
642 3133 1007 3211 warmacensem.

302 3284 402 3351 Quor>
421 3284 583 3350 laboranti
601 3285 695 3349 famae
717 3304 798 3349 meae
819 3283 945 3349 amicali
967 3282 1143 3348 condoletis
1165 3282 1211 3347 af-

258 3383 353 3463 fectu,
373 3384 566 3449 multimoda
585 3386 761 3469 gratiarum
782 3384 908 3450 actione
927 3404 1109 3464 remunero,
1130 3382 1210 3447 sola·

258 3508 334 3553 rnen
355 3488 525 3553 infortunii
542 3495 697 3573 reputans
715 3511 786 3553 eam
801 3508 899 3572 quam
913 3487 949 3551 in
962 3485 1052 3551 vobis
1066 3485 1212 3569 experior

258 3592 406 3656 amicitiae
416 3593 594 3657 veritatem.
616 3592 853 3658 Verumtamen
864 3611 919 3655 vos
933 3611 1009 3655 eum
1023 3610 1092 3653 esse
1106 3589 1210 3672 cupio,

257 3695 313 3777 qui
335 3694 474 3759 dolenda
495 3696 602 3760 doleat
623 3718 691 3761 non
713 3694 853 3759 dolende
873 3692 1096 3777 aequanimiter
1116 3692 1209 3757 ferat.

258 3798 335 3863 Uno
354 3820 494 3882 namque
512 3804 683 3883 raptantur
703 3820 809 3863 errore
830 3795 1067 3881 quamplurimi,
1087 3801 1126 3859 ut
1147 3795 1212 3859 nisi

256 3903 416 3968 voluntati
435 3924 501 3967 suae
521 3924 730 3986 quaecumque
749 3902 847 3966 fuerit
866 3906 1026 3985 pareatur,
1042 3898 1104 3963 sibi
1114 3898 1210 3983 justi·

256 4006 337 4070 tiam
351 4006 421 4070 fieri
439 4006 625 4071 nullatenus
644 4005 888 4070 arbitrarentur.
934 4003 981 4067 Hi
1003 4002 1084 4066 mihi
1105 4002 1134 4065 si
1155 4002 1210 4066 de-

256 4110 398 4187 trahant,
428 4110 456 4173 si
484 4110 604 4174 famam
632 4130 749 4188 meam,
776 4128 987 4191 quaecumque
1016 4112 1076 4184 est,
1105 4104 1210 4168 lividis
1314 4104 1326 4133 '¹

255 4213 425 4278 latratibus
446 4212 625 4278 mordendo
647 4211 815 4290 dilanient,
829 4209 1054 4294 equanimiter
1075 4207 1154 4283 fero,
1175 4212 1208 4271 et

256 4318 335 4382 dnm
349 4339 478 4383 mecum
491 4318 575 4381 ratio
589 4316 695 4395 faeiat,
711 4316 791 4380 dum
805 4316 888 4401 juris
905 4316 1010 4379 forma
1025 4309 1207 4388 concordet,
