3225 5192
162 741 168 752 .
260 689 541 774 sallat-89]
593 709 1069 754 uounnrrnmrsrrrsrnrm·
1146 691 1204 752 321

377 1037 597 1130 urlsrota
620 1037 930 1102 CCXXVIII.-an
947 1058 1092 1100 nosnru.

266 1188 421 1252 Gilhortrss
443 1189 505 1252 Des'
527 1193 634 1272 pratia
657 1189 882 1253 Loodoor'errsis
903 1191 1070 1272 episcopos,
1094 1191 1215 1254 dihctis

261 1317 267 1331 ·
306 1291 365 1354 sihi
382 1293 416 1354 ir
432 1293 574 1370 Domino,
590 1293 741 1355 curvaris
754 1299 870 1356 coacta
884 1293 1107 1357 Londoaieasis
1120 1294 1213 1356 cccle-

307 1397 361 1460 sia
376 1397 580 1477 parochianis
601 1402 632 1459 et
646 1396 737 1477 filiis,
757 1397 896 1475 solutam,
914 1398 1062 1478 patiam,
1078 1403 1109 1460 ct
1128 1396 1214 1460 herre-

308 1498 479 1562 dictionem.

309 1647 414 1713 Coorr
434 1671 493 1714 nos
514 1651 656 1714 caritatis
671 1651 797 1715 affectio
812 1673 871 1734 pro
885 1651 1065 1734 indigentia
1078 1651 1216 1715 fratrum

265 1751 305 1814 de
320 1751 454 1831 Priten',
469 1754 672 1817 universitati
686 1760 800 1818 restrae
816 1754 1002 1838 supplicare.
1042 1753 1107 1820 Qui
1121 1753 1216 1816 nimi·

264 1875 337 1917 ruru
351 1855 535 1920 inchoatam
551 1856 691 1921 ecclesiae
707 1879 772 1922 suae
787 1855 953 1936 fabricam,
969 1858 1034 1921 suis
1049 1878 1116 1922 non
1131 1857 1216 1922 suffi-

191 1984 198 1996 ·
266 1957 356 2021 ciunt
379 1959 549 2042 impendiis
574 1981 807 2039 consummare,
832 1961 896 2024 nisi
922 1959 1048 2024 devotio
1074 1959 1217 2023 fidebam

265 2061 346 2125 rotis
361 2083 472 2126 eorum
487 2061 737 2126 misericorditer
751 2062 929 2127 subveniat.
975 2063 1116 2127 Proinde
1136 2062 1218 2126 lato·

265 2186 315 2230 res
337 2166 543 2250 praeentiam
566 2167 699 2232 nuutios
722 2175 755 2232 et
778 2175 1001 2250 procuratores
1019 2154 1219 2250 paupertatis

266 2267 417 2348 suap'sub
436 2277 620 2334 nostrarum
639 2269 826 2341 testimonio
847 2252 1014 2337 literarum
1029 2268 1119 2339 rabis
1133 2289 1219 2334 com-

267 2371 457 2434 mendamus
488 2371 529 2436 ad
559 2372 707 2456 gratiam,
732 2381 862 2436 orantes
892 2379 925 2436 et
955 2371 1161 2451 exhortantes
1185 2371 1221 2434 in

268 2473 419 2553 Domino,
435 2481 468 2539 et
489 2475 525 2539 in
547 2475 767 2540 remissionem
784 2474 874 2539 robis
893 2475 1102 2558 injungentes
1122 2474 1221 2539 delic-

266 2585 384 2657 torum,
404 2578 555 2662 quatinus
578 2600 631 2643 eos
653 2601 711 2663 pro
734 2579 899 2643 communi
920 2578 1057 2643 fratrum
1077 2577 1216 2642 necessi-

266 2687 334 2746 tate
353 2682 405 2765 pie
424 2681 616 2760 laborantes,
637 2689 768 2765 propter
782 2682 890 2756 Deum
907 2680 1049 2764 benigne
1070 2680 1220 2764 suscipia-

265 2785 308 2848 tis
328 2791 360 2849 et
381 2784 421 2849 de
441 2785 564 2849 collatis
579 2783 668 2849 vobis
685 2786 863 2850 aDomino
877 2783 1096 2860 facultatibus,
1113 2782 1154 2847 ad
1169 2805 1222 2847 er-

152 2956 158 2964 ,
266 2887 437 2952 trueudam
455 2889 614 2971 praedictae
626 2887 780 2952 fabricam
792 2888 944 2965 ccclesiae,
958 2888 1176 2971 eleemosynas
1191 2894 1224 2950 et

266 2989 421 3054 beneficia
435 3000 540 3055 vestra
555 2991 804 3055 misericorditer
818 2991 1026 3076 impendatis,
1038 2999 1076 3053 ut
1091 2989 1223 3054 domum

267 3093 399 3159 Domini
413 3094 447 3157 in
462 3095 556 3158 terris
572 3093 770 3172 edificando,
786 3115 1002 3178 permansura
1015 3092 1104 3156 vobis
1126 3087 1223 3156 adifi-

267 3197 317 3260 cia
335 3197 519 3280 praeparctis
535 3197 570 3259 in
585 3196 674 3261 caelo.
719 3194 852 3260 Clericis
867 3219 953 3275 vero,
968 3196 1175 3281 presbyteris,
1191 3202 1224 3259 et

268 3299 411 3382 personis
433 3299 648 3377 ecclesiarum,
673 3321 731 3382 per
754 3306 898 3364 nostram
924 3299 1108 3364 constitutis
1131 3319 1223 3381 paro·

267 3401 373 3466 chiam
398 3402 577 3486 specialiter
599 3401 828 3487 supplicamus,
850 3411 889 3465 ut
913 3400 978 3466 illis
1003 3401 1224 3486 suscipiendis,
1327 3479 1341 3498 ο

220 3521 225 3533 ·
269 3505 468 3585 exhibendis,
486 3512 519 3604 et
534 3505 731 3570 honorandis
747 3506 914 3569 sollicitius
927 3505 1112 3584 intendant,
1128 3513 1162 3570 et
1184 3503 1225 3569 sd
1242 3590 1250 3604 ·

269 3609 454 3673 commissas
483 3608 562 3679 sibi·
576 3608 685 3694 plebes
707 3609 823 3674 devota
851 3631 905 3674 eos
931 3609 1116 3677 exoratione
1138 3629 1224 3673 com·

268 3712 434 3784 mandent.
482 3697 619 3778 Scituris
636 3711 806 3802 omnibus,
832 3713 887 3796 qui
915 3735 970 3777 eos
998 3713 1138 3798 hospitio
1166 3733 1226 3776 seu

268 3814 423 3880 beneficio
440 3815 585 3899 quolibet
595 3813 842 3894 honoraverint,
859 3816 946 3899 quod
966 3837 1020 3881 eos
1043 3817 1226 3881 orationum
1346 3829 1352 3839 ·

268 3927 300 3982 et
314 3917 545 3983 beneficiorum
562 3927 684 3982 sauctae
700 3917 935 3982 bondoniensis
951 3917 1092 3981 ecclesiae
1107 3917 1225 3980 consti-

268 4022 390 4086 tuimus
406 4023 474 4085 sore
488 4021 670 4105 participes.
716 4019 956 4084 Poenitentibus
979 4020 1076 4084 etiam
1098 4028 1131 4084 et
1153 4039 1226 4101 pec·

268 4130 341 4188 cata
355 4125 518 4204 confessis,
535 4123 595 4188 sub
610 4108 721 4189 nostro
736 4119 859 4188 scilicet
873 4123 1060 4188 constitutis
1081 4121 1226 4185 sacerdo-

270 4228 327 4304 tio,
338 4227 414 4310 quia
429 4229 542 4311 majori
557 4227 705 4310 indigent
722 4227 874 4305 remedio,
889 4228 1044 4310 majorem
1059 4224 1232 4308 adjicimus

271 4330 532 4410 misericordiam,
558 4339 590 4395 et
615 4332 641 4394 si
667 4331 701 4394 in
729 4338 852 4414 septem
875 4351 1034 4394 annorum
1059 4329 1107 4392 rel
1131 4349 1228 4411 supra
1312 4391 1319 4402 ,

736 4453 756 4495 Y
