3225 5192
381 620 450 691 232
689 638 850 681 erassum
868 638 1019 681 rrrscom

381 754 526 833 traxerit,
542 754 818 819 conversationem
832 756 902 838 ejus
922 754 1050 819 sinister
1068 776 1180 819 rumor
1199 754 1336 819 nullate·

382 879 444 922 uns
467 856 633 923 obfuscare
655 858 807 943 potuerit,
830 866 888 921 aut
909 858 1075 941 pravitatis
1098 858 1226 941 eloquio
1248 859 1337 923 deni·

383 982 486 1045 grare.
535 958 643 1040 Hunc,
659 967 752 1045 pater
773 961 809 1025 in
831 960 963 1025 Christo
984 962 1158 1040 carissime,
1173 962 1338 1025 sanctitati

383 1072 497 1129 vestrae
515 1065 780 1129 commendamus
802 1064 844 1129 ad
865 1065 1014 1147 gratiam,
1035 1086 1145 1148 preces
1166 1066 1338 1129 affectuose

385 1166 595 1253 porrigentes,
611 1177 649 1232 ut
664 1168 865 1233 decurrentis
887 1168 999 1231 advos
1015 1168 1275 1233 Herefordiensis
1289 1188 1339 1232 ec-

386 1273 490 1337 clesiae
512 1272 712 1356 petitionem,
735 1294 833 1355 quam
851 1274 975 1357 justam
998 1294 1071 1337 vere
1092 1272 1263 1350 credimus,
1285 1272 1340 1335 sd-

387 1375 536 1454 mittatis,
557 1382 590 1439 et
612 1383 651 1439 ut
674 1376 743 1460 ejus
766 1386 972 1440 consecretur
993 1376 1124 1455 electus,
1147 1383 1292 1459 paterna,
1314 1374 1342 1437 si

388 1478 502 1561 placet,
518 1478 622 1561 gratia
636 1478 838 1562 provideatis,
853 1499 895 1543 ne
915 1478 943 1542 si
961 1479 1122 1563 repulsam
1141 1478 1340 1556 sustinuerit,

388 1582 465 1645 lassa
488 1582 589 1645 virtus
613 1581 790 1661 erubescat,
815 1591 849 1646 et
873 1582 952 1648 alios
975 1581 1012 1645 in
1035 1582 1216 1667 appetitum
1238 1582 1289 1646 sui
1308 1593 1342 1646 et

390 1686 516 1753 cultum
532 1686 571 1749 de
586 1694 702 1751 caetero
717 1685 826 1750 minus
840 1686 1006 1751 accendat.

521 2006 772 2074 EPIS'l'OLA
802 2007 1040 2071 chx-m
1057 2026 1213 2071 suunnu.

551 2158 684 2220 Domino
692 2179 786 2240 pupae
801 2158 942 2222 dominus
954 2158 1187 2222 mammeam.

441 2307 647 2371 Sauerrrnm
664 2316 778 2373 vestrae
793 2309 941 2387 scribere,
956 2316 991 2373 et
1012 2309 1147 2373 fratrum
1166 2316 1349 2373 nostrorum

396 2412 430 2476 id
452 2413 602 2497 exigente
624 2414 825 2490 necessitate,
848 2435 958 2497 preces
980 2414 1154 2478 affectuose
1177 2413 1349 2496 porrigere,

398 2516 514 2580 caritas
534 2538 593 2580 nos
613 2524 705 2600 peter
723 2517 895 2599 imperiosa
915 2518 1088 2600 compellit.
1135 2516 1244 2601 Hujus
1264 2516 1351 2579 enim

399 2620 472 2703 lege
491 2620 752 2703 constringimur,
770 2642 824 2685 eos
843 2629 882 2684 ut
902 2622 1065 2705 nosipsos
1084 2620 1228 2703 diligere,
1243 2630 1276 2684 et
1296 2641 1351 2683 ue·

401 2724 490 2806 gotia
504 2746 562 2787 sua
576 2733 687 2788 nostra
701 2724 890 2808 reputando,
902 2725 988 2807 quod
1002 2725 1036 2788 in
1052 2724 1243 2789 necessitate
1257 2722 1354 2787 simili

402 2826 495 2891 nobis
509 2826 652 2891 exhiberi
669 2828 834 2907 vellemus,
855 2828 932 2912 ipsis
954 2828 1187 2911 proculdubio
1209 2849 1276 2892 non
1298 2850 1353 2892 ne·
1377 2841 1379 2846 '

403 2952 488 3014 gare.
534 2930 762 2995 Venerabilem
780 2931 890 3015 itaque
909 2928 1048 2995 fratrem
1061 2940 1209 2996 nostrum
1226 2930 1354 2994 Ganfri·

393 3014 492 3112 dum,
519 3034 659 3098 ecclesiae
684 3034 928 3099 cantuariensis
954 3036 1225 3113 archidiaconum,
1251 3035 1356 3099 virum

403 3138 597 3221 prudentem
621 3138 834 3202 testificamur
859 3146 892 3202 et
918 3146 1098 3217 strenuum,
1128 3138 1297 3222 providum
1321 3138 1356 3201 in
1415 3150 1419 3157 “

405 3241 547 3319 consiho,
567 3240 742 3305 discretum
764 3250 797 3305 et
820 3249 972 3306 ornatum
994 3243 1131 3325 eloquio,
1151 3242 1285 3325 agendis
1306 3262 1357 3305 ec·

406 3344 510 3409 clesiae
524 3344 662 3427 negotiis
681 3353 714 3408 et
731 3344 831 3428 ipsius
845 3344 1093 3409 necessitatibus
1107 3344 1311 3409 sublevandis
1324 3350 1358 3408 et

407 3448 604 3513 sustinendis
633 3448 844 3531 aptissimum.
890 3448 953 3512 cni
978 3470 1080 3531 quum
1109 3448 1150 3512 ad
1179 3448 1359 3513 doctrinam

405 3552 551 3630 scientia,
568 3559 601 3615 et
623 3551 665 3615 ad
686 3551 899 3631 honestatem,
914 3558 953 3616 ut
971 3552 1142 3631 credimus,
1160 3574 1266 3616 mores
1282 3572 1361 3615 eru·

408 3654 533 3733 bei-ent,
548 3654 653 3737 ipsum
674 3653 736 3718 sibi
754 3654 893 3719 Eliensis
910 3654 1043 3719 ecclesia
1061 3677 1119 3739 per
1138 3678 1273 3721 manum
1288 3677 1361 3719 nos·

408 3766 494 3823 tram
508 3757 664 3839 susceptis
679 3758 860 3840 legatorum
875 3767 1053 3823 vestrorum
1068 3759 1180 3839 literis,
1190 3759 1306 3843 quibus
1320 3758 1362 3822 de

410 3859 558 3944 eligendo
573 3859 635 3924 sibi
649 3860 809 3945 episcopo,
825 3860 1017 3926 auctoritate
1031 3862 1207 3945 apostolica
1222 3882 1362 3927 eommo-

410 3962 559 4041 uebatur,
578 3962 615 4027 in
634 3972 759 4047 patrem
778 3971 813 4028 et
832 3971 994 4048 pastorem
1009 3966 1153 4049 expetiit,
1167 3966 1273 4048 ipsum
1286 3986 1364 4029 cou-

411 4066 501 4133 cordi
528 4067 674 4131 omnium
703 4074 787 4146 voto,
814 4068 906 4132 nullo
933 4068 1130 4133 reclamante
1156 4077 1213 4132 aut
1239 4075 1365 4131 contra·

412 4170 587 4237 dictionem
610 4170 645 4234 in
667 4169 776 4254 aliquo
798 4178 960 4251 movente,
979 4172 1022 4235 ad
1040 4171 1180 4236 Eliensis
1204 4172 1366 4255 episcopa-

411 4282 465 4341 tus
481 4276 627 4357 regimen
643 4274 884 4369 conniventiam
898 4276 935 4339 in
949 4276 1011 4340 hoc
1025 4283 1201 4359 praestante
1211 4274 1367 4359 principe,
