3225 5192
390 636 452 699 188
706 649 1025 698 amn-mariscorr

386 794 477 838 mus:
500 772 988 860 utactorecircaprobationem
997 773 1343 861 meibante,reojura·

386 884 535 943 mentum
549 878 599 943 vel
614 878 655 943 ob
670 878 907 963 purgationem,
918 879 969 943 rel
983 900 1115 944 oausam
1128 879 1271 963 aliquam
1283 901 1342 945 no-

385 982 488 1048 civam
504 980 690 1061 detulerint,
706 982 816 1065 sicque
827 982 944 1067 jurgiis
962 982 1090 1067 [finem]
1106 982 1343 1067 imposuerunt.

387 1088 553 1173 Scriptum
581 1094 693 1152 tamen
722 1088 881 1167 novimus,
909 1089 1049 1153 ‘Actora
1077 1110 1146 1154 non
1174 1088 1343 1173 probante,

385 1212 471 1271 reus,
494 1191 556 1257 etsi
577 1191 661 1256 nibil
682 1191 878 1275 prestiterit,
898 1190 1068 1257 obtineat?
1112 1192 1198 1257 Inde
1217 1214 1343 1277 quoqne

386 1296 620 1382 prosequimur,
645 1296 722 1379 quia
750 1296 777 1359 si
805 1316 881 1359 reus
909 1295 993 1359 nihil
1021 1302 1178 1380 prmstans
1206 1295 1342 1375 obtinet,

385 1399 490 1464 multo
512 1398 616 1483 magis
638 1398 816 1463 multorum
837 1397 1063 1483 probationem
1082 1406 1241 1483 praestana
1259 1398 1341 1465 obti-

386 1502 489 1567 nebit.
533 1502 554 1565 J
556 1502 641 1566 udex
655 1521 782 1585 quoque
799 1501 926 1566 ratione
939 1509 1060 1581 motus,
1079 1522 1136 1567 rco
1156 1503 1272 1587 sapius
1286 1502 1341 1566 de-

386 1603 450 1670 fert
467 1604 701 1689 juramentum.
745 1603 817 1669 Nos
832 1624 959 1688 quoque
973 1612 1008 1669 et
1023 1604 1065 1669 ad
1081 1604 1152 1669 haec
1170 1606 1342 1670 commorit

386 1708 456 1773 hee
476 1708 569 1787 ratio,
591 1706 750 1791 flagrabat
772 1707 879 1771 adbuc
900 1706 1105 1791 sacrilegium
1127 1730 1147 1772 a
1167 1709 1286 1773 comite
1306 1710 1341 1773 in

387 1811 521 1877 ecclesia
528 1810 759 1875 Eveshamensi
769 1818 1001 1895 perpetratum.
1023 1810 1341 1877 Crescebatetscan·

388 1914 508 1994 dalum,
524 1912 609 1998 apud
623 1913 743 1977 Leonis
760 1913 995 1978 monasterium
1008 1913 1050 1979 ob
1065 1914 1204 1979 similem
1217 1915 1342 1980 comitis

388 2038 563 2081 excessum.
617 2016 833 2083 Quorundam
861 2015 960 2081 etiam
989 2018 1045 2101 qui
1073 2017 1238 2102 capiendis
1265 2017 1342 2103 ipsis

387 2142 455 2185 una
469 2141 544 2185 cum
558 2119 675 2183 comite
696 2118 870 2198 affuerunt,
886 2126 1010 2185 secreta
1023 2121 1223 2187 mnfessione
1237 2122 1343 2205 queri·

387 2223 531 2289 moniam
549 2222 692 2287 militum
711 2222 848 2287 veritate
867 2224 929 2288 niti
948 2224 1168 2307 cognovimus.
1214 2225 1342 2292 Quibus

387 2326 537 2393 omnibus
566 2325 658 2405 moti,
685 2326 837 2391 comitem
866 2326 1057 2411 probatione
1080 2328 1239 2414 jamdicta
1265 2350 1342 2395 one·

387 2433 539 2511 ravimus,
558 2430 614 2515 qui
634 2430 775 2495 militum
794 2430 1019 2515 probationem
1038 2431 1190 2497 adversm
1209 2453 1294 2512 eum,
1314 2434 1343 2497 si

387 2536 457 2621 ipsa
474 2534 580 2600 forma
596 2534 678 2619 juris
696 2534 894 2614 admitteret,
909 2534 1065 2599 libentius
1083 2536 1341 2619 suscepissemus.

388 2640 506 2706 Valeat
527 2638 678 2705 dominus
699 2660 791 2703 meus
813 2644 847 2703 et
868 2646 961 2724 pater
982 2639 1018 2703 in
1041 2640 1199 2725 [Christo]
1218 2638 1342 2705 carissi

389 2766 472 2809 mus.

446 2957 669 3024 urlsuous
691 2957 940 3023 uxum-sn
957 2978 990 3022 a.
1007 2977 1288 3023 nrrrcoarususrrs

766 3080 970 3126 srrscoeors.

397 3214 570 3277 Venerabili
589 3212 712 3277 domim
722 3210 886 3296 fratrique
904 3213 1066 3276 cas-brimo
1079 3214 1119 3277 R.
1135 3212 1343 3277 Liacolrsieasi

433 3319 583 3400 epi-scopo,
602 3318 640 3381 G.
655 3317 907 3399 Herqsordieasis
920 3318 1054 3381 ecclesia
1072 3318 1214 3381 minister
1224 3316 1343 3399 pmsdic

427 3421 519 3503 pacis
534 3420 698 3485 etaetatis.

434 3572 455 3637 J
457 3590 650 3636 accusares
661 3578 695 3637 ct
710 3570 859 3637 abstemii
870 3577 1045 3656 conspectu
1058 3578 1165 3637 restro
1179 3570 1341 3636 carissime

390 3680 483 3759 pater
503 3682 536 3739 et
559 3674 707 3759 alloquio,
723 3675 756 3739 V
773 3676 844 3761 jam
865 3674 1027 3741 mensium
1048 3674 1215 3740 intervallo
1237 3675 1338 3739 carui-

389 3801 472 3845 mus.
517 3778 615 3845 Unde
636 3781 663 3844 si
681 3780 765 3847 bene
778 3781 892 3846 valetis
911 3787 970 3844 aut
988 3802 1080 3845 secus
1095 3788 1154 3860 est,
1170 3780 1342 3864 significari

391 3882 484 3948 nobis
509 3883 659 3966 petimus,
684 3892 723 3949 ut
752 3891 810 3949 aut
839 3884 994 3968 gaudium
1023 3885 1280 3949 communicetur
1304 3904 1343 3947 ex

390 3985 558 4071 prosperis,
574 3993 632 4050 aut
647 3987 739 4051 sires
754 3987 848 4051 aliter
862 3994 922 4067 est,
938 3988 1094 4052 alterutro
1108 3987 1214 4071 quoad
1233 4008 1344 4071 possu-

391 4108 465 4155 mus
487 4088 659 4151 humerum
681 4110 899 4173 supponamus
921 4089 1070 4154 adversis.
1115 4092 1208 4155 Laeta
1225 4092 1344 4177 quippe

391 4186 485 4272 nobis
507 4185 574 4250 dies
599 4187 787 4275 cat-erisque
813 4188 956 4254 serenior
980 4189 1147 4270 illucescit,
1168 4212 1233 4274 qua
1255 4190 1343 4253 vobis

391 4290 580 4356 successisse
601 4292 834 4375 cognoscimus.
881 4292 1023 4357 Adversa
1037 4314 1111 4357 vero
1126 4314 1199 4376 quoe
1212 4292 1344 4358 nuntiat
