3225 5192
317 638 600 723 selles-61]
652 658 948 703 unnnrosnrrusss
963 661 1141 705 nmsronn.
1207 643 1269 705 165

314 784 410 843 tuum
430 778 492 842 sibi
510 780 605 842 firme
626 782 856 862 permaneant
892 776 936 838 In
950 775 1090 842 hisvero
1108 777 1178 841 haen
1196 798 1269 860 pro-

315 880 393 963 priis
408 881 559 945 duximus
573 880 782 964 exprimenda
794 876 968 945 vocabulis.

598 985 994 1067 (neumanensis)

318 1272 539 1339 EPISTOLA
562 1271 806 1337 cxxvi-ss
827 1291 978 1335 inlusus
998 1290 1273 1334 rsocnnssssrn.

323 1426 361 1488 G.
377 1425 438 1488 Dei
449 1423 558 1505 pratia
573 1422 823 1503 Herefordietnis
838 1422 971 1485 ecclesie
986 1422 1137 1499 minister,
1153 1421 1276 1484 dilectis

362 1529 421 1591 sihi
435 1530 469 1591 in
479 1527 612 1590 Domino
619 1524 781 1607 fratribus
795 1524 1018 1589 Tenenesberiae
1028 1525 1161 1589 Domino
1167 1524 1275 1607 sams-

363 1632 460 1695 lutnm
475 1630 695 1708 exhibentibus,
711 1630 852 1692 salutern.

366 1782 514 1846 Sumus
529 1781 664 1845 docetur
684 1801 702 1844 e
721 1779 818 1858 facili,
833 1787 867 1843 et
883 1779 939 1865 qui
954 1778 1109 1843 doctrinis
1128 1779 1276 1857 affluunt,

318 1883 378 1949 hos
389 1885 467 1949 sutis
481 1890 530 1948 est
545 1884 709 1947 succincte
721 1882 879 1946 brevitate
893 1882 1099 1947 commoneri.
1132 1883 1167 1946 Si
1181 1881 1277 1945 liber-

319 1987 381 2051 tati
402 1993 515 2051 vestrae
538 2007 634 2069 quam
656 1985 741 2049 circs
763 1986 865 2068 putris
889 1985 1081 2049 electionem
1104 1984 1278 2067 apostolica

319 2089 409 2153 vobis
429 2088 576 2153 concedit
598 2095 632 2152 et
654 2088 824 2152 confirmat
847 2087 1032 2167 auctoritas,
1055 2087 1090 2150 in
1110 2108 1276 2169 magnum,

321 2192 406 2275 quod
429 2192 522 2269 absit,
547 2190 687 2256 ecclesias
708 2196 823 2255 vestrae
843 2191 1067 2275 prejudicium
1089 2197 1205 2273 sponte
1227 2210 1277 2254 re-

320 2295 492 2373 nunciatis,
505 2294 665 2378 judicium
679 2293 793 2377 utique
804 2294 932 2378 justum
942 2300 1001 2372 est,
1012 2300 1050 2357 ut
1061 2315 1100 2357 ea
1110 2293 1151 2357 de
1162 2298 1279 2357 eaeters

321 2398 465 2475 carectis,
483 2403 515 2461 et
531 2396 617 2480 quod
640 2417 679 2461 ex
702 2396 835 2461 arbitrio
857 2396 1040 2480 suscepistis
1058 2397 1175 2481 jugum
1197 2394 1279 2459 illud

320 2499 378 2563 diu
408 2498 603 2563 sustineatis.
650 2499 747 2565 Quod
777 2498 853 2583 quia
877 2498 967 2562 vobis
994 2498 1183 2581 captiosum,
1212 2497 1279 2561 imo

322 2623 446 2665 summe
460 2602 674 2685 periculosum
690 2609 749 2680 est,
766 2601 958 2665 mundamus
972 2599 1062 2666 vobis
1083 2606 1116 2664 et
1135 2600 1280 2664 fraterna

319 2704 454 2769 caritate
469 2705 679 2782 consulimus,
696 2704 849 2788 quatinus
866 2704 1010 2768 libertati
1025 2709 1137 2767 vestrae
1152 2723 1278 2767 conscr-

320 2808 432 2872 vendae
451 2808 650 2871 unanimiter
668 2807 857 2885 intendatis,
878 2828 919 2869 ne
939 2806 967 2869 si
987 2806 1027 2869 ob
1048 2806 1278 2889 cujuscumque

320 2910 460 2975 favorem
476 2910 565 2975 aliud
578 2910 716 2975 fortasse
729 2910 881 2989 feceritis,
897 2909 1038 2973 ceclesiae
1052 2914 1166 2972 vestrae
1180 2908 1278 2972 detri-

320 3019 469 3078 mentum
484 3035 560 3077 cum
579 3013 614 3076 id
630 3014 699 3098 jam
718 3013 890 3077 emendare
905 3033 973 3077 non
987 3011 1144 3095 poteritis,
1159 3016 1277 3075 seruet

319 3117 519 3181 infructuosa
537 3115 732 3200 poenitentis
749 3115 899 3199 lugentis.
944 3116 1061 3180 Vulest
1076 3115 1193 3180 caritas
1207 3136 1275 3180 ves·

321 3228 382 3299 tra,
398 3219 606 3285 dilectissimi.

430 3460 651 3526 nnrsuonl
673 3459 941 3526 cxxvii-ss
957 3481 988 3524 s.
1006 3480 1163 3524 comm
1274 3497 1279 3506 -
1398 3437 1401 3444 '

690 3583 907 3627 mensumn.

324 3713 498 3777 Venerabili
512 3714 634 3778 domino
649 3720 680 3779 et
695 3716 795 3779 amico
810 3716 845 3778 in
857 3716 980 3778 Christo
995 3713 1157 3779 carissimo
1172 3712 1278 3775 comiti

362 3817 402 3879 R.
431 3816 644 3899 Leyecestrioe,
666 3816 774 3899 frater
800 3818 837 3880 G.
863 3814 1115 3897 Heret‘ordiensis
1144 3814 1277 3879 ecclesie

363 3919 512 3994 minister,
527 3921 658 3983 salntem
675 3926 706 3983 et
724 3921 875 4002 qratiam,
891 3925 922 3982 et
942 3940 964 3982 α
985 3939 1079 3982 mans
1094 3921 1202 4001 patris
1223 3938 1276 3981 ee-

364 4015 438 4084 celn'
451 4022 688 4092 interdictionem
696 4028 890 4105 perpetuum.

364 4172 405 4235 lu
428 4171 478 4251 iis,
493 4172 665 4251 carissime,
681 4194 753 4256 quse
774 4191 848 4237 meu
868 4179 976 4256 potest
998 4172 1153 4237 sedulitas
1174 4170 1275 4235 sdim-

320 4274 416 4359 plere,
433 4274 558 4339 debetis
572 4296 639 4339 non
653 4275 702 4340 uti
717 4296 821 4361 prece,
837 4276 895 4340 sed
905 4276 1060 4361 jussione.
1105 4274 1166 4337 Est
1187 4273 1275 4337 enim
