3225 5192
373 719 440 782 ata
696 729 854 775 amasam
869 729 1013 774 crisconi

377 853 506 940 quidem
528 851 633 936 grstia
655 855 688 914 et
710 849 751 914 de
772 847 947 914 clementia
966 852 1087 911 sancta
1105 847 1263 911 &manaa
1282 867 1336 910 ec-

377 954 480 1025 clesiia
509 953 639 1038 penitus
670 951 846 1030 confidens,
871 951 958 1035 quod
983 951 1011 1014 si
1037 949 1116 1034 quid
1142 969 1239 1032 super
1266 950 1338 1014 haec

302 1122 308 1131 ,
378 1057 553 1124 enormiter
566 1056 602 1120 in
617 1077 676 1122 nos
692 1061 801 1120 actum
816 1055 926 1133 luerit,
940 1054 989 1117 illi
1006 1053 1113 1138 potius
1135 1051 1177 1116 ad
1196 1053 1337 1117 conlusi-

377 1181 475 1228 onem
491 1181 589 1244 quam
603 1159 699 1225 nobis
714 1158 755 1224 ad
770 1179 901 1243 poeuam
915 1156 1124 1222 redundabit.
1152 1156 1280 1220 Valete.

512 1463 734 1530 EPISTOLA
757 1459 1041 1527 CCLXIIL-an
1057 1479 1213 1526 aquarn.

385 1618 423 1678 G.
440 1615 500 1680 Dei
514 1615 623 1698 prolia
637 1613 862 1680 Londoaimris
875 1615 1045 1696 episcopus,
1060 1611 1226 1676 scandit
1232 1611 1339 1692 fratri

426 1725 455 1782 el
477 1719 575 1782 amieo
594 1717 746 1781 Willelmo
763 1717 871 1781 eodem
886 1717 996 1799 prelio
1016 1715 1124 1779 abboli
1136 1715 1340 1797 Rodinpcrui,

426 1821 566 1900 aululem,
582 1826 612 1884 el
626 1821 753 1890 elucere
768 1819 943 1883 dilectionis
957 1819 1111 1902 affectum.

431 1971 646 2035 Suscnrrrrus
674 1971 784 2036 literas
815 1971 995 2035 dilectionis
1025 1977 1148 2049 vestae,
1179 1989 1252 2053 qma
1280 1989 1340 2032 nos

385 2082 479 2138 tanto
494 2075 599 2138 verius
620 2075 737 2158 gaudio
757 2074 981 2157 perfuderunt,
997 2081 1121 2157 quanto
1141 2073 1181 2136 de
1201 2079 1291 2136 statu
1308 2077 1342 2135 et

386 2177 490 2240 utute
512 2184 627 2254 vestra,
652 2185 771 2241 nostrae
794 2177 915 2241 certius
936 2176 1148 2242 sollicitudini
1169 2174 1341 2259 responde·

385 2287 473 2344 runt.
519 2279 659 2363 Prodiga
688 2301 829 2363 namque
853 2280 1024 2347 verborum
1053 2279 1150 2357 fama,
1175 2301 1248 2362 quae
1271 2299 1341 2340 ves·

385 2391 472 2446 trum
489 2383 530 2447 ad
545 2403 605 2446 nos
621 2383 776 2446 nuntium
791 2383 990 2466 praevolnrat,
1006 2382 1047 2447 de
1061 2383 1259 2467 profectione
1273 2402 1341 2444 ves-

369 2491 448 2564 tra,
472 2485 512 2551 de
536 2487 733 2551 stationem
757 2487 862 2566 litore,
884 2485 925 2550 de
949 2487 1097 2571 procella,
1118 2486 1159 2550 de
1181 2485 1341 2569 periculis,

387 2589 491 2654 multa
510 2589 595 2654 varie
616 2591 903 2673 inconstanterque
922 2589 1106 2654 nuntiabat.
1151 2586 1250 2651 Unde
1271 2607 1342 2670 pes-

388 2693 489 2756 simus
510 2693 546 2756 in
569 2692 675 2757 dubiis
698 2715 802 2777 augam
824 2694 923 2758 timor
944 2693 1039 2757 anxie
1060 2690 1260 2756 distrahebat
1283 2711 1344 2753 nos

388 2795 526 2860 scientes
549 2796 678 2880 quidem
702 2805 734 2860 ct
757 2804 905 2880 expertos
926 2797 1061 2874 totiens,
1074 2795 1160 2878 quod
1182 2793 1345 2877 navigatio

388 2921 472 2983 saepe
495 2901 675 2984 periculosa
696 2912 745 2965 est
764 2922 891 2984 semper
910 2909 968 2966 aut
987 2901 1120 2967 incerta
1166 2902 1266 2965 Nune
1286 2922 1344 2966 au-

389 3008 456 3065 tem
479 3009 609 3085 accepto
633 3003 749 3068 nuntio
773 3003 886 3068 salutis
909 3011 943 3068 et
966 3003 1198 3068 incolumitatis
1219 3011 1344 3082 vestrae,

390 3105 557 3188 provehis
579 3105 696 3170 divinae
718 3106 832 3192 gratim
854 3107 975 3190 gratius
995 3106 1174 3187 referimus,
1194 3129 1269 3192 quae
1289 3129 1345 3171 vos

390 3208 426 3270 in
454 3209 555 3272 tantis
584 3209 732 3292 periculis
761 3209 935 3292 periclitari
963 3231 1032 3274 non
1063 3210 1217 3294 permisit.
1262 3209 1345 3273 Ves-

391 3318 479 3375 trum
496 3319 605 3376 autem
620 3312 816 3395 colloquium
831 3333 1035 3397 summopere
1049 3313 1277 3392 desideramus,
1289 3312 1347 3377 sed

392 3423 469 3479 ante
484 3415 570 3480 diem
586 3415 743 3481 adventus
758 3417 847 3482 vobis
862 3437 1038 3496 occurrere,
1054 3439 1114 3482 nos
1128 3417 1169 3481 ad
1184 3417 1265 3480 illud
1280 3425 1345 3480 tra-

392 3519 491 3582 hente
512 3519 713 3598 necessitate,
730 3541 797 3584 non
812 3521 965 3584 valemus.
1010 3521 1102 3584 'lunc
1122 3541 1197 3586 veru
1217 3521 1346 3585 Londo-

393 3620 455 3682 niis
474 3642 543 3684 esse
563 3621 772 3704 disponimus,
788 3630 822 3686 et
841 3624 870 3686 si
889 3645 991 3708 usque
1005 3625 1161 3689 Fnleham
1176 3624 1348 3707 procedere

392 3721 491 3785 suerit
514 3731 732 3806 opportunum
752 3733 785 3790 ct
804 3725 971 3813 placitum,
986 3727 1081 3792 nobis
1103 3727 1139 3790 id
1160 3734 1348 3791 recurrente

394 3825 511 3889 nuntio
541 3827 733 3908 quamcitius
763 3828 937 3912 significari
973 3830 1184 3914 postulamus
1229 3830 1348 3894 Valere

394 3947 447 3990 vus
463 3935 620 4011 optamus,
637 3928 672 3992 in
688 3929 830 3995 Domino
844 3931 1017 4011 carissime.
