3225 5192
397 682 462 745 226
719 699 876 743 craneum
891 698 1035 743 urrscorr

397 838 566 903 nunquam
587 815 757 899 episcopali
778 816 972 881 auctoritate
992 817 1121 880 firmato
1140 812 1291 880 abbatem
1311 814 1353 878 ad

397 919 595 1004 praestandas
611 918 672 985 sibi
687 920 917 985 decimationes
933 920 1001 1003 jam
1023 919 1125 983 dictas
1143 919 1249 983 teneri
1268 920 1352 983 usti-

398 1045 501 1102 mans,
516 1024 602 1109 ipsas
616 1029 726 1107 petere
741 1044 807 1087 non
824 1023 960 1100 desistit,
970 1044 1050 1107 quas
1063 1030 1175 1087 tumen
1190 1020 1253 1086 sibi
1267 1042 1352 1086 eom-

397 1136 518 1213 petere,
535 1128 627 1193 nulla
645 1128 771 1193 ratione
788 1127 870 1212 juris
890 1127 1042 1191 ostendit.
1088 1128 1165 1210 Ipso
1186 1126 1297 1211 itaque
1317 1127 1353 1191 in

398 1232 448 1295 his
463 1233 519 1317 jur
538 1253 635 1296 suurn
652 1231 779 1295 nullum
794 1231 925 1314 penitus
939 1230 1141 1309 ostendente,
1156 1237 1278 1295 etcum
1293 1229 1352 1293 has

398 1336 460 1400 sibi
474 1335 644 1420 episcopali
659 1335 851 1399 anctoritate
864 1333 964 1397 fuisse
978 1353 1144 1397 concessus
1159 1331 1350 1415 quandoque

398 1438 529 1518 diceret,
550 1440 585 1501 in
605 1438 703 1523 hujus
724 1438 821 1502 etiam
844 1438 891 1503 rei
913 1435 1103 1520 probatione
1124 1457 1253 1519 prorsus
1276 1436 1352 1499 defi-

398 1542 515 1620 ciente,
546 1539 695 1605 abbatem
727 1539 768 1605 ab
798 1542 868 1625 ejus
900 1538 1058 1623 petitione
1087 1538 1290 1616 absolvimus,
1320 1547 1352 1602 et

398 1644 530 1709 domino
549 1644 749 1709 Norvicensi
772 1652 811 1708 ut
835 1644 1065 1708 decimationes
1080 1642 1151 1727 jam
1169 1642 1272 1705 dictas
1292 1641 1351 1705 sibi

398 1750 593 1827 restitueret,
609 1756 642 1812 et
657 1748 727 1833 ejus
742 1748 782 1813 de
797 1755 914 1813 cetero
932 1747 1003 1831 paci
1020 1748 1212 1831 provideret,
1228 1756 1351 1831 aposto

398 1852 460 1915 lica
475 1852 667 1916 auctoritate
681 1851 928 1936 injunxerimus.
963 1851 1059 1917 Quod
1073 1857 1181 1915 totum
1198 1850 1352 1914 Herlewi-

398 1971 461 2013 nus
475 1970 629 2015 evacuare
647 1950 783 2015 moliens
797 1951 879 2015 falso
893 1958 1006 2014 vostrae
1020 1951 1181 2034 suggessit
1196 1951 1351 2014 excellen-

398 2054 461 2131 tiae,
478 2074 538 2118 noa
553 2074 657 2118 causae
672 2076 767 2137 quam
783 2054 870 2119 infre
888 2054 953 2119 duo
972 2075 1099 2119 menses
1112 2054 1352 2119 terminandam

399 2157 606 2240 suscepimus,
623 2177 689 2221 non
703 2156 766 2221 nisi
781 2163 854 2239 post
868 2156 1020 2221 undecim
1034 2156 1252 2222 hebdomadas
1266 2158 1351 2221 diem

398 2259 613 2337 constituisse,
629 2267 662 2324 et
678 2280 737 2325 nos
752 2282 772 2325 a
786 2261 883 2325 vestri
897 2261 1001 2325 forma
1014 2261 1161 2325 mandati
1179 2260 1289 2325 taliter
1302 2282 1351 2325 re·

399 2364 540 2429 cessisse.
586 2362 661 2428 Oua
680 2363 715 2425 in
734 2384 770 2427 re
791 2363 879 2447 quod
898 2370 1008 2427 actum
1022 2370 1072 2429 eat
1086 2364 1258 2447 aperimus,
1273 2373 1311 2428 ut
1326 2366 1353 2427 si

398 2468 434 2531 in
454 2468 528 2550 jure
551 2466 737 2545 erravimus,
760 2466 866 2531 edocti
889 2487 1022 2550 pervus
1045 2467 1081 2531 in
1103 2467 1352 2532 obscuritatibus

398 2570 594 2657 hujusmodi,
613 2570 653 2635 de
674 2578 789 2635 caetero
809 2571 936 2635 cantius
956 2570 1169 2636 ambulemus.
1214 2572 1353 2635 Manda-

398 2680 469 2739 tum
491 2674 622 2757 quidam
644 2694 775 2737 causam
796 2674 884 2737 intra
905 2674 985 2739 duos
1006 2696 1134 2739 menses
1156 2676 1353 2739 terminandi

399 2778 606 2861 suscepimus,
622 2784 655 2841 et
677 2776 763 2841 inira
783 2777 924 2841 eundem
945 2779 1122 2843 terminum
1142 2800 1248 2844 causae
1267 2779 1352 2843 diem

399 2881 636 2960 constituendo,
658 2880 836 2945 londoniae
856 2881 908 2945 die
926 2880 997 2965 ipso
1017 2882 1168 2946 dominus
1187 2883 1352 2947 Wintoni·

399 2986 485 3050 ensis
499 2992 532 3049 et
547 3006 608 3069 ego
620 2985 839 3049 convenimus.
883 2986 1044 3049 Dominus
1058 3007 1132 3050 vero
1145 2988 1352 3052 Wintonien·

399 3089 442 3153 sia
464 3109 539 3153 oum
561 3089 667 3171 ipsum
687 3087 723 3152 in
744 3086 869 3153 curiam
887 3088 973 3170 regis
991 3088 1224 3170 urgentissima
1239 3090 1351 3155 eodem

399 3192 451 3257 die
466 3213 562 3255 causa
577 3191 787 3275 pertraheret,
804 3192 978 3257 attendens
996 3193 1160 3258 mandates
1178 3194 1240 3259 sibi
1254 3195 1352 3279 juris·

399 3294 549 3359 dictionis
571 3294 657 3359 diem
680 3294 803 3374 cedere,
826 3316 925 3379 seque
948 3294 990 3361 ob
1011 3298 1166 3380 temporis
1184 3299 1352 3381 angustias

399 3398 529 3481 negotio
550 3420 662 3463 vacue
683 3420 751 3464 non
772 3420 875 3483 posse,
897 3420 976 3483 erga
998 3399 1220 3465 Herlevinum
1242 3400 1352 3466 haberi

399 3522 433 3565 se
449 3499 548 3565 voluit
563 3507 762 3565 excusatum.
805 3502 992 3567 Herlewino
1007 3524 1081 3567 vero
1095 3502 1239 3569 instante
1253 3504 1351 3588 pluri·

398 3626 501 3683 mum,
520 3610 555 3668 et
575 3603 612 3669 in
633 3603 694 3669 hoe
718 3604 835 3671 abbate
856 3605 1022 3688 praebente
1043 3627 1247 3686 comensem,
1266 3608 1354 3672 ultra

398 3708 562 3791 praefixum
585 3707 679 3771 nobis
698 3708 876 3772 terminum
896 3708 983 3773 diem
1002 3710 1240 3790 constituimus,
1259 3719 1293 3775 et
1312 3732 1352 3775 eo

399 3832 463 3893 quo
478 3810 602 3875 dictum
622 3818 671 3874 est
691 3832 822 3875 causam
838 3812 905 3877 fine
923 3812 1110 3877 decidimus.
1154 3814 1223 3878 Diu
1240 3820 1352 3878 tamen

398 3934 494 3997 super
516 3914 578 3979 boc
602 3915 816 3999 disceptatum
839 3924 902 3994 est,
921 3918 1139 3982 asserentibus
1160 3917 1352 4002 quibusdam

398 4017 432 4082 id
447 4040 513 4083 non
528 4018 635 4097 licere,
645 4026 679 4083 et
694 4018 762 4083 haeo
777 4040 816 4083 eu
829 4020 902 4103 lege
915 4020 1138 4104 probantibus,
1151 4042 1215 4104 qua
1228 4021 1352 4085 dictum
1593 4079 1594 4092 .

398 4128 458 4199 est,
475 4122 578 4187 ‘Cum
591 4144 660 4187 nou
675 4144 714 4185 eo
728 4121 779 4186 die
795 4145 859 4207 quo
873 4145 990 4207 pruses
1004 4124 1176 4207 provinciae
1190 4124 1352 4208 precepit,
1374 4164 1396 4235 c
1415 4162 1438 4225 Ἰ·
1452 4164 1467 4225 5
1475 4172 1494 4231 ,J
1513 4171 1529 4229 b
1593 4103 1594 4116 ἵ

395 4226 495 4309 judex
518 4226 558 4291 ab
582 4248 619 4290 eo
642 4226 737 4291 datus
760 4227 1026 4311 pronuntiaverit,
1042 4228 1099 4291 scd
1114 4228 1220 4293 ductis
1238 4228 1352 4292 diebus
1368 4220 1410 4305 >⁹
1537 4218 1541 4228 ’

399 4330 551 4396 alieniore
569 4340 712 4417 ternpore
733 4335 928 4397 sententiam
949 4333 1083 4413 dederit,
1103 4354 1222 4421 praeses
1242 4354 1281 4397 er
1303 4334 1353 4396 in-
