3225 5192
266 698 334 741 am.
352 676 550 759 nol-aa]
600 696 839 741 nounourausrs
854 697 1031 743 emenone.
1153 684 1217 745 253

266 814 371 879 dictus
400 815 567 879 lohannes
600 836 696 898 super
723 815 845 898 capella
874 815 914 879 de
943 815 1216 882 caerleehestune

266 918 387 983 diutius
400 918 579 982 intentarat
590 917 739 981 adversus
753 918 935 982 Henricum
948 918 1216 1003 presbyterumet

264 1029 480 1085 memoratum
502 1021 653 1085 abbatem
675 1021 715 1085 de
738 1022 906 1099 Grastene,
929 1044 1026 1105 quem
1048 1022 1110 1088 sibi
1129 1023 1218 1087 idem

267 1124 428 1188 Henricus
453 1124 488 1187 in
514 1144 611 1187 eausa
635 1124 691 1187 illa
715 1123 901 1187 laudaverat
924 1131 1098 1204 auctorem,
1123 1126 1219 1208 juxta

264 1227 498 1290 continentiam
527 1227 683 1310 rescripti,
713 1227 774 1291 hoc
803 1233 917 1290 tenore
944 1247 1128 1309 processum
1157 1238 1215 1291 eat

266 1329 402 1394 Petebat
424 1328 582 1412 siquidem
605 1330 771 1394 lohannes
793 1330 949 1413 capellam
971 1329 1061 1393 illam
1085 1330 1217 1395 nomine

265 1432 378 1495 matris
401 1432 541 1495 eeclesiae
565 1453 630 1494 suae
654 1431 694 1495 de
718 1432 837 1510 Ferles,
860 1431 922 1496 sibi
945 1432 1082 1510 restitui,
1105 1441 1218 1516 utpote

265 1534 353 1597 intra
366 1533 562 1616 parochiales
577 1534 721 1617 ejusdem
739 1542 777 1597 ut
797 1534 925 1599 dicebat
945 1536 1100 1600 terminos
1116 1536 1215 1600 eccle·

266 1636 321 1699 siae
342 1636 519 1714 fundatam,
543 1646 576 1699 et
600 1636 641 1700 ab
664 1638 734 1720 ipsa
757 1639 807 1700 sui
831 1637 1022 1704 fundatione
1043 1640 1132 1703 filiali
1156 1640 1218 1705 sibi

267 1738 464 1821 subjectione
479 1737 660 1802 obnoxiam.

308 1841 481 1924 Allegabat
496 1842 538 1905 ad
551 1841 630 1920 haec,
647 1841 822 1925 quodcum
841 1850 1049 1925 personatum
1065 1851 1098 1907 et
1112 1845 1216 1909 inves-

266 1944 401 2008 tituram
420 1945 533 2008 matris
553 1942 693 2008 ecclesias
713 1944 753 2008 de
768 1944 877 2007 Ferles
891 1966 949 2028 per
962 1966 1096 2009 manum
1111 1946 1216 2011 (lices-

267 2048 384 2112 trensis
402 2048 550 2131 episcopi,
570 2047 820 2131 prasentatione
842 2046 967 2111 abbatis
989 2048 1029 2112 de
1049 2048 1216 2126 Grestene,

268 2150 349 2215 sicut
374 2149 462 2215 idem
487 2151 653 2234 episcopus
677 2157 747 2214 tam
772 2150 843 2213 viva
868 2171 944 2215 voce
974 2172 1069 2234 quam
1099 2151 1217 2234 scripto

267 2254 359 2319 nobis
380 2254 566 2332 insinuavit,
582 2253 659 2317 olim
673 2254 838 2337 reciperet,
854 2254 956 2337 ipsam
971 2275 1099 2337 quoque
1113 2255 1217 2338 capel-

267 2358 331 2421 lam
342 2378 410 2420 una
423 2377 498 2420 cum
512 2356 633 2439 majore
649 2356 782 2419 ecelesia
796 2356 979 2419 habendam
989 2358 1118 2441 recepit,
1130 2379 1216 2422 eam-

268 2484 331 2545 que
353 2460 480 2525 tamdiu
502 2460 596 2543 plene
620 2465 653 2523 et
678 2459 807 2542 pacifice
831 2460 981 2543 possedit,
1004 2460 1106 2525 donec
1129 2468 1218 2525 mota

268 2563 329 2628 sibi
351 2563 392 2628 ah
415 2560 558 2627 Henrioo
581 2562 805 2642 controversia,
829 2564 1005 2628 monachus
1026 2564 1157 2648 quidam
1176 2564 1217 2634 de

269 2667 437 2744 Grestene,
458 2665 513 2748 qui
535 2671 615 2729 tunc
636 2665 672 2728 in
693 2665 815 2747 Anglia
836 2665 920 2729 vices
942 2665 1058 2748 agebat
1080 2664 1216 2745 abbatis,

267 2768 349 2833 inita
363 2790 437 2833 cum
454 2768 598 2831 Henrico
612 2768 839 2846 transactione,
856 2769 1010 2852 capellam
1027 2769 1075 2831 illi
1095 2769 1217 2847 cedere,

268 2893 402 2957 eamque
415 2874 486 2956 ipso
500 2872 704 2948 reclamante,
720 2878 753 2934 et
774 2872 965 2935 anctoritate
986 2871 1108 2936 domini
1126 2892 1218 2954 papae

268 2999 310 3042 ne
330 2977 364 3041 id
386 2978 479 3040 fieret
499 2974 677 3053 inhibente,
693 2982 807 3038 contra
817 2974 977 3057 justitiam
992 2980 1026 3036 et
1036 2974 1119 3057 juris
1133 2972 1217 3035 ordi-

268 3102 344 3144 nem
373 3079 513 3144 alienare
542 3076 754 3161 praesumpsit.
804 3077 915 3141 Abbas
938 3097 1013 3140 vero
1036 3097 1132 3159 quem
1157 3075 1218 3140 sibi

270 3182 431 3247 Henricus
447 3182 612 3259 acciverat,
628 3180 783 3263 capellam
796 3181 885 3243 illam
904 3181 947 3244 ad
964 3180 1133 3244 matricem
1148 3180 1217 3264 qni-

269 3286 343 3351 dem
372 3284 537 3349 eeclesiam
566 3284 606 3347 de
636 3284 743 3347 Ferles
776 3284 945 3367 pertinere,
972 3283 1218 3366 Johannemque

267 3390 371 3473 ipram
390 3388 511 3452 diutius
530 3386 716 3471 possedisse,
733 3385 859 3470 publice
874 3393 907 3449 et
920 3387 1041 3470 injure
1055 3387 1218 3451 confessus

269 3502 326 3558 est.
374 3490 447 3556 Hoc
465 3500 576 3555 tamen
595 3490 643 3553 illi
662 3490 698 3553 in
717 3490 940 3573 praejudicinm
958 3490 1122 3573 petitionis
1143 3510 1218 3568 sua,

268 3598 303 3661 in
318 3597 451 3661 modum
467 3594 664 3677 exceptionis
678 3593 805 3677 objecit,
818 3592 907 3679 quod
920 3594 1130 3658 transactioni
1145 3615 1220 3658 cnm

270 3698 414 3764 Henrioo
432 3698 554 3762 habitae
572 3696 731 3776 interfuit,
747 3717 884 3780 eamque
903 3718 961 3760 auo
981 3718 1114 3761 assensu
1135 3718 1220 3762 com-

269 3804 423 3888 probavit.
469 3802 554 3866 Cum
569 3808 679 3865 antem
694 3821 789 3883 super
809 3801 870 3863 hcc
889 3801 1025 3865 articulo
1039 3808 1220 3865 controver-

269 3908 316 3972 sia
340 3906 518 3991 plurimum
540 3913 728 3982 verteretur,
753 3903 869 3968 abbate
893 3904 1025 3968 tandem
1048 3905 1084 3968 in
1106 3904 1221 3988 proba·

268 4012 358 4076 tione
388 4008 525 4073 adhibiti
553 4027 728 4072 consensus
758 4007 887 4090 penitus
917 4006 1095 4085 deficiente,
1122 4013 1222 4070 testes

269 4115 362 4179 factae
376 4112 625 4190 reclamationis,
635 4131 714 4193 quos
730 4110 751 4173 J
752 4110 897 4174 ohannes
911 4110 1071 4194 perduxit,
1086 4108 1221 4191 diligen-

269 4224 321 4281 ter
350 4216 560 4293 examinatos,
584 4220 617 4277 et
641 4213 814 4277 concordes
839 4214 997 4291 inventos,
1020 4218 1135 4293 utpote
1159 4210 1223 4273 fide

270 4321 385 4403 dignos
411 4319 609 4395 admisimus,
637 4316 745 4400 sicque
775 4337 814 4379 er
844 4336 956 4379 eorum
985 4312 1161 4378 assertione
1190 4319 1223 4377 et
