3225 5192
383 681 449 746 326
689 695 846 740 crnnsnrs
861 694 1005 738 remcort

385 815 526 880 Domino
546 813 683 898 gratiam
703 812 920 890 ministrante,
936 809 1030 874 solito
1044 809 1163 874 clarius
1182 810 1342 889 enitescit,

384 928 417 985 et
439 918 547 982 studio
569 916 729 982 honorum
751 915 901 992 fratrum,
915 913 998 978 Adse
1011 913 1169 992 videlicet,
1186 913 1227 978 G.
1245 923 1280 977 et
1299 913 1340 978 G.

384 1023 440 1108 qui
455 1042 489 1086 se
504 1041 609 1105 nuper
623 1019 769 1104 ejusdem
783 1018 900 1082 domus
914 1039 973 1103 pro
988 1017 1119 1082 Christo
1140 1017 1341 1101 mancipave-

383 1135 461 1190 runt
482 1134 515 1190 et
535 1123 750 1188 subdiderunt
766 1121 937 1206 obsequiis,
953 1120 1085 1186 uberius
1099 1120 1195 1185 solito
1211 1121 1341 1204 pietatis

383 1247 481 1313 opera
495 1225 647 1292 omnibus
662 1225 704 1289 ad
718 1245 790 1288 eam
805 1223 1042 1288 divertentibus
1056 1221 1250 1302 exhibendo,
1266 1223 1341 1288 odo-

384 1332 428 1396 ris
443 1330 520 1396 boui
534 1329 713 1412 fragrantia
723 1328 858 1411 jamjam
879 1327 1007 1410 plenius
1026 1346 1067 1390 ex
1086 1347 1121 1390 se
1140 1326 1340 1410 drcumqus-

385 1457 448 1520 que
478 1433 640 1498 diffundit.
696 1429 742 1494 Hi
773 1430 930 1495 nimirum
954 1451 1029 1494 cum
1050 1431 1121 1514 jam
1149 1429 1212 1494 sibi
1240 1430 1342 1514 gloria

385 1538 561 1622 plurimum
576 1535 741 1614 arrideret,
757 1541 790 1597 et
804 1554 914 1598 rerum
928 1532 1156 1618 temporalium
1175 1535 1341 1598 affluentia

386 1642 463 1707 satis
477 1639 685 1726 responderet
700 1638 742 1702 ad
756 1646 879 1716 votum,
894 1645 1003 1702 totum
1018 1637 1105 1722 quod
1120 1636 1182 1701 sihi
1201 1638 1251 1702 vel
1268 1640 1342 1722 jure

385 1745 571 1832 patrimonii
593 1766 614 1808 a
635 1742 823 1828 parentibus
843 1741 1028 1820 obvenerat,
1044 1742 1094 1807 vel
1116 1743 1202 1826 quod
1224 1743 1342 1808 labori·

385 1849 447 1914 bus
469 1849 573 1913 anxiis
594 1857 681 1912 terra
702 1845 848 1930 mar-ique
871 1844 1107 1930 perquisierant
1131 1867 1191 1929 pro
1213 1845 1343 1910 Christo

385 1951 615 2036 relinquentes,
646 1949 680 2013 id
709 1949 814 2032 ipsum
844 1948 879 2011 in
909 1969 987 2012 usus
1014 1946 1134 2012 Christi
1163 1969 1341 2032 pauperum

385 2057 604 2132 contulerunt,
621 2064 654 2118 et
676 2062 715 2118 ut
736 2054 962 2118 holocaustum
981 2052 1124 2118 Domino
1145 2052 1343 2139 acceptabile

385 2159 511 2244 plenius
530 2155 730 2234 exhiberent,
753 2177 812 2240 pro
833 2177 892 2219 sua
911 2156 1031 2240 seipsos
1051 2155 1229 2220 eorundem
1251 2155 1341 2221 ohse-

385 2259 468 2345 quiis
484 2259 663 2323 humillime
678 2257 884 2323 devoverunt.
909 2257 975 2324 Qui
988 2256 1097 2322 cibum
1112 2257 1341 2337 esurientibus,

384 2371 497 2448 potum
522 2360 717 2440 sitientibus,
742 2360 839 2424 nudis
862 2362 1072 2445 operimenta,
1096 2359 1240 2444 fatigatis
1263 2362 1342 2426 tecti

384 2467 524 2551 lectique
538 2465 693 2549 requiem,
709 2463 843 2528 uberem
863 2463 994 2548 oegrotis
1013 2463 1266 2528 misericordiam
1280 2464 1341 2528 sol-

385 2565 473 2632 licite
488 2564 780 2642 subministrantes,
796 2562 914 2628 laboris
933 2573 967 2628 et
986 2563 1132 2648 obsequii
1152 2565 1202 2628 sui
1221 2585 1342 2629 merce·

386 2670 461 2734 dem
481 2677 612 2752 sperant
631 2676 665 2732 et
686 2672 873 2750 exspectant
893 2688 914 2730 a
933 2666 1085 2745 Domino,
1105 2667 1209 2750 ipsam
1229 2667 1342 2750 utique

386 2793 485 2858 quam
507 2771 689 2854 repromisit
703 2771 770 2853 ipse
786 2768 996 2851 diligentibus
1011 2789 1056 2832 se.
1102 2769 1251 2834 Quorum
1265 2790 1341 2833 con·

385 2875 599 2940 versationem
619 2883 653 2937 et
673 2893 781 2956 opera,
797 2873 872 2955 quia
892 2872 1034 2937 Domino
1052 2872 1177 2955 placere
1191 2893 1259 2936 non
1274 2893 1341 2936 am·

318 3005 320 3010 ·
386 2977 536 3062 bigimus,
552 2977 753 3042 universitati
776 2983 890 3040 vestrae
911 2997 1021 3060 preces
1043 2977 1218 3042 affectuose
1238 2983 1340 3061 porri·

386 3082 502 3163 gimus,
517 3087 556 3145 ut
575 3079 707 3143 domum
722 3079 811 3142 illam
826 3078 862 3142 in
877 3099 941 3161 qua
956 3077 1098 3142 Domino
1109 3080 1233 3162 jugiter
1246 3079 1339 3144 obse-

386 3191 540 3267 quuntur,
556 3181 761 3246 affectuosius
776 3181 928 3264 diligatis,
938 3189 972 3244 et
987 3181 1205 3266 eleemosynas
1220 3191 1341 3247 vestras

385 3305 442 3371 per
467 3305 583 3349 manus
605 3284 735 3349 illorum
759 3285 795 3347 in
820 3304 992 3348 commune
1014 3283 1137 3348 bonum
1161 3306 1338 3370 pauperum

385 3389 506 3454 Christi
520 3388 658 3453 fideliter
673 3387 851 3471 erogandas
871 3386 942 3465 sibi,
957 3387 1008 3451 vel
1027 3387 1078 3450 his
1098 3409 1179 3472 quos
1198 3389 1339 3453 destina-

384 3489 499 3566 verint,
526 3487 566 3552 ad
592 3509 647 3552 vos
674 3487 886 3552 fidentissime
911 3486 1132 3551 committatis.
1178 3487 1339 3552 Omnibus

384 3610 458 3654 vcro
479 3589 534 3674 qui
554 3589 594 3653 de
614 3589 681 3653 suis
700 3589 908 3656 facilitatibus
929 3589 1034 3654 eidem
1052 3589 1162 3654 domui
1182 3591 1224 3655 ad
1243 3612 1341 3675 opera

385 3691 609 3756 misericordiae
629 3693 850 3757 sustendanda
869 3693 1053 3778 quicquam,
1073 3693 1253 3778 inspirante
1271 3695 1338 3758 Do-

385 3794 484 3874 mino,
499 3794 607 3878 largiti
622 3793 754 3874 fuerint,
771 3795 811 3860 de
827 3796 960 3860 Domini
975 3796 1194 3861 misericordia
1214 3798 1338 3878 conlisi,

385 3898 426 3962 de
448 3897 597 3982 injuncta
620 3895 682 3960 sihi
707 3897 909 3980 poenitentia,
934 3920 975 3961 xx
1000 3898 1068 3964 dies
1091 3900 1283 3979 relaxamus,
1306 3909 1341 3966 et

385 4001 567 4066 orationum
588 4007 621 4064 et
640 3999 798 4064 honorum
815 4023 887 4085 quae
901 4008 969 4064 tam
988 4001 1025 4064 in
1043 4013 1155 4067 nostra
1169 4026 1267 4088 quam
1282 4026 1341 4068 sua

386 4105 470 4170 liunt
491 4102 633 4180 ecclesia,
656 4103 826 4187 participes
849 4105 884 4167 ia
906 4104 976 4183 hoc,
992 4106 1144 4171 fiduciam
1166 4107 1339 4172 subminis-

384 4212 492 4272 trante
507 4206 659 4283 Domino,
675 4205 912 4270 constituimus.
947 4205 1072 4273 Valete.
