3225 5192
154 797 156 800 .
279 726 561 811 a.n.1161-89.]
611 746 1054 794 nosnosssssmnmsnous.
1164 732 1226 795 261

450 1225 671 1318 EPIS'I'OLA
693 1228 883 1292 (illst-ao
899 1246 1043 1293 nosunu.

278 1432 315 1495 G.
332 1431 398 1495 Dei
413 1432 521 1513 pratia
539 1430 763 1495 Londouieasis
781 1432 949 1514 episcopas,
964 1432 1116 1496 amesa
1129 1434 1223 1496 ecele-

366 1537 419 1597 sioe
425 1533 506 1616 filiis
519 1536 658 1616 salutem,
670 1537 819 1616 pretium,
835 1541 866 1599 et
880 1535 1126 1599 benedictiorem.

315 1732 400 1799 Qus
415 1735 513 1797 semel
527 1731 590 1798 rite
604 1733 698 1799 linita
711 1737 796 1814 sunt,
812 1753 855 1798 ne
868 1732 1009 1798 rediviva
1025 1733 1222 1797 suscitentur

270 1836 306 1898 in
317 1836 435 1919 jurgia,
450 1836 647 1920 propensiori
662 1858 740 1901 eura
753 1835 932 1921 prospicere
946 1836 1106 1916 convenit,
1120 1836 1156 1899 in
1170 1836 1221 1901 his

270 1939 445 2023 praesertim
461 1961 533 2023 quae
546 1940 622 2003 fidei
635 1940 744 2005 firmat
757 1940 880 2023 religio,
896 1961 938 2003 ne
959 1939 1006 2003 illi
1027 1939 1110 2004 eitra
1127 1960 1220 2003 nsun-

271 2041 400 2125 patione
436 2042 666 2108 convellantur.
722 2042 821 2107 Unde
849 2050 962 2107 vestrae
989 2041 1220 2124 innotescimus

272 2143 481 2223 universitati,
496 2144 533 2208 Τ.
549 2145 700 2209 elerieum
719 2145 857 2229 querelae
879 2166 976 2229 quam
997 2166 1105 2209 eorum
1126 2143 1220 2208 nobis

272 2246 421 2310 adversus
435 2247 651 2312 venerabilem
664 2248 797 2313 fratrem
816 2253 965 2313 nostrum
979 2242 1220 2312 Norwieensem

271 2350 455 2433 episcopum
477 2371 572 2435 snper
592 2351 777 2417 violentiam
796 2352 865 2437 jam
887 2351 1029 2416 seeundo
1049 2350 1221 2415 instituere

273 2452 520 2533 destinaverant,
535 2452 572 2517 in
586 2454 725 2539 capitulo
747 2453 925 2519 Londouiae
945 2452 1039 2518 nobis
1061 2452 1103 2517 ad
1124 2474 1220 2536 super

271 2554 382 2619 eadem
403 2576 500 2619 causa
517 2555 777 2639 cognoscendum
798 2554 1021 2635 residentibus,
1043 2554 1079 2618 in
1100 2555 1219 2619 multo-

269 2679 342 2722 rum
361 2659 533 2741 praesentia
552 2659 765 2740 renuntiasse,
780 2665 814 2725 et
836 2680 870 2723 se
890 2658 954 2724 lide
974 2658 1165 2742 interposita
1185 2658 1220 2722 id

271 2782 304 2825 se
318 2760 354 2824 in
368 2768 560 2846 perpetuum
574 2761 819 2827 observattnum
832 2763 986 2826 firmasse.
1020 2759 1118 2827 Quod
1131 2768 1169 2824 ut
1183 2761 1219 2825 in

269 2870 435 2947 posterum
455 2865 614 2949 liquidum
635 2866 702 2945 fiat,
724 2866 890 2951 praesentis
911 2864 1021 2948 scripti
1041 2862 1220 2948 patrocinio

270 2972 303 3030 et
318 2966 414 3051 sigilli
429 2967 531 3032 nostri
545 2968 744 3053 appositione
758 2966 1003 3033 eommunimus.
1033 2964 1159 3030 Valete.

432 3532 654 3599 EPIS'POLA
676 3533 884 3598 exoa-sn
900 3556 1042 3600 sosanna.

269 3740 398 3803 Dilectis
416 3738 477 3802 sibi
495 3740 529 3803 in
549 3740 690 3819 Domino,
705 3742 857 3805 universis
870 3747 984 3805 saneto
998 3744 1110 3807 matris
1123 3746 1216 3807 ecete-

308 3844 362 3906 sioe
377 3842 466 3925 filiis,
479 3841 591 3923 frater
611 3844 649 3907 G.
671 3844 894 3909 monetes
912 3846 1045 3910 ecclesio
1065 3847 1216 3926 minister,

310 3948 449 4026 solutes,
462 3949 610 4028 pretium,
625 3952 656 4009 et
671 3945 917 4012 benedictionem.

309 4151 590 4217 Cosnsovnnsus
612 4151 773 4217 amicabili
793 4155 942 4237 pactione
963 4157 1092 4239 sopitas,
1115 4154 1215 4215 firmi-

265 4254 342 4319 tatis
356 4261 436 4319 tunc
452 4255 582 4319 demum
596 4254 695 4319 robur
714 4264 907 4341 perpetuum
922 4258 1063 4340 accipere
1077 4261 1215 4334 constat,

264 4378 340 4423 cum
355 4380 466 4423 eorum
482 4380 619 4441 quorum
634 4358 702 4425 hoeo
717 4361 843 4425 firmare
861 4366 967 4444 potest
982 4356 1166 4437 auctoritas,
1182 4367 1215 4423 et
