3225 5192
374 702 418 767 84
616 684 775 765 ornanum
792 718 912 763 roaros
927 718 1074 764 assarna

296 843 297 847 ’
374 837 463 903 entia
484 857 604 915 sumus,
619 844 713 901 tanto
733 836 843 901 minus
865 856 901 901 se
921 836 997 921 jure
1020 835 1059 899 in
1083 856 1146 903 nos
1164 842 1200 902 et
1221 844 1329 902 totum
1389 884 1393 888 Α

373 939 540 1035 quodlibet
553 939 658 1005 facere
672 938 835 1004 formidat.
867 938 998 1023 Flagrat
1013 960 1087 1003 ecoe
1100 960 1213 1029 reeens
1227 942 1327 1005 male-

374 1044 484 1115 ficium
505 1044 585 1128 ejus,
608 1050 641 1108 et
665 1042 727 1108 hac
752 1041 956 1107 hebdomada
976 1041 1018 1105 ad
1039 1041 1124 1105 bene
1145 1042 1330 1109 inchoanda

370 1146 497 1232 jejunia
517 1168 585 1225 sua,
608 1146 720 1211 domos
745 1151 875 1209 nostros
896 1144 1065 1229 confregit,
1088 1166 1253 1210 annonam
1274 1168 1330 1211 ex-

373 1249 474 1314 cussit
499 1256 532 1314 et
554 1248 737 1333 asportavit,
762 1254 795 1313 et
820 1247 862 1313 de
885 1254 1003 1312 caetero
1024 1248 1135 1332 pejora
1155 1247 1327 1332 promittit.

375 1352 473 1416 Unda
492 1372 602 1435 preces
620 1350 813 1417 sublimitati
831 1358 945 1415 vestrae
963 1352 1168 1435 porrigimus,
1183 1358 1223 1416 nt
1240 1352 1327 1417 hanc

374 1456 443 1539 ejus
463 1455 630 1520 audaciam
653 1453 873 1539 compescatis,
889 1460 923 1519 et
943 1452 1038 1518 nobis
1056 1453 1219 1538 justitiam
1238 1454 1328 1519 exbi-

267 1630 268 1633 ,
373 1558 450 1623 bere
463 1559 600 1623 ulterius
611 1580 678 1623 non
693 1558 859 1623 differatis.
882 1557 1061 1622 Voluntate
1072 1558 1203 1640 quidem
1217 1566 1330 1623 nostra

370 1661 500 1747 justitia
523 1662 559 1726 in
584 1682 659 1726 eum
687 1684 756 1726 non
776 1661 953 1727 differetur
976 1661 1123 1739 ulterius,
1146 1661 1210 1726 nisi
1235 1661 1329 1727 nobis

374 1764 482 1829 ablata
503 1786 570 1829 non
591 1764 746 1850 promisso
766 1763 825 1829 sed
845 1763 932 1829 facto
952 1764 1141 1843 restituerit,
1158 1770 1191 1829 et
1210 1765 1328 1831 amodo

373 1872 409 1934 in
432 1873 502 1931 tota
526 1872 613 1931 terra
637 1866 725 1932 beati
754 1866 845 1931 Petri
872 1866 1009 1951 injustas
1034 1867 1216 1933 exactiones
1245 1868 1325 1933 istus

375 1971 578 2055 abjuraverit.
622 1971 766 2035 Vocatus
797 1977 850 2035 tor
885 1970 922 2034 in
957 1970 1092 2035 ccclesia
1123 1978 1236 2035 nostra
1266 1971 1329 2036 bao

373 2076 520 2161 proxima
533 2073 714 2154 Dominiea,
725 2074 858 2139 licentia
866 2078 973 2139 vestra
986 2074 1327 2141 excommunicabitur.

373 2178 499 2243 Valete.

373 2501 594 2569 EPISTOLA
615 2502 849 2569 mvn-in
864 2522 1061 2567 socruum(
1077 2521 1326 2567 tamassanus·

707 2627 774 2672 sau
790 2627 992 2672 urrscoruu.

374 2742 576 2807 Patrimoet
587 2743 709 2808 domiuo
717 2744 749 2807 J.
760 2743 981 2807 Soksdcn'easi
991 2743 1053 2806 Dei
1059 2742 1168 2825 pratia
1178 2743 1327 2825 episcopo,

408 2861 520 2945 frater
534 2864 583 2955 G.
610 2863 788 2927 Gloceclrioe
814 2862 916 2926 dictus
940 2862 1046 2942 abbas,
1070 2864 1105 2926 iu
1129 2863 1328 2927 mallatione

418 2968 531 3045 cordia,
547 2971 578 3031 el
592 2969 656 3029 ocia
670 2966 800 3050 eloquio,
811 2966 945 3028 Domino
960 2966 1157 3047 complacere.

418 3119 588 3186 Quourau
609 3117 778 3201 scripsistis
800 3116 894 3195 bene,
916 3138 1067 3200 rogamus
1088 3124 1127 3182 ut
1148 3118 1274 3184 faciatis
1295 3123 1329 3183 et

372 3220 466 3300 bene,
485 3228 520 3286 et
540 3242 635 3305 opem
656 3240 755 3306 quam
778 3218 871 3284 nobis
892 3220 990 3285 verbo
1010 3220 1209 3305 promittitis,
1229 3242 1328 3305 opere

374 3322 570 3407 compleatis.
615 3320 759 3387 Incubus
774 3322 830 3386 ille
844 3322 1010 3402 Corneliae,
1026 3322 1113 3407 quod
1132 3322 1230 3387 alieni
1246 3323 1330 3408 juris

374 3433 434 3506 est,
459 3426 610 3491 audacter
632 3432 768 3510 occupat
779 3450 788 3504 ς
815 3425 872 3509 qui
895 3424 972 3489 inde
995 3426 1152 3491 violenter
1177 3446 1329 3493 excusam

375 3536 434 3610 ast,
450 3530 492 3595 ad
514 3528 619 3593 aliena
636 3528 749 3593 limina
770 3528 838 3594 solo
854 3528 990 3613 justitiae
1006 3528 1134 3594 defectu
1152 3529 1328 3595 mendicat.

274 3715 276 3719 ι
373 3635 428 3699 Ad
442 3641 556 3699 vestrm
569 3634 670 3718 igitur
684 3630 865 3699 sanctitatis
879 3654 988 3717 genua
1000 3634 1160 3717 provoluti
1179 3633 1328 3718 supplici·

374 3745 426 3802 ter
451 3758 629 3815 exoramus,
653 3742 692 3800 ut
720 3742 790 3800 tam
816 3735 935 3801 nostris
960 3735 1206 3819 fatigationibus
1231 3756 1328 3819 quam

376 3839 528 3905 extremis
547 3837 688 3904 ecclesiae
710 3837 961 3903 desolationibus
983 3840 1100 3904 caritas
1114 3846 1222 3903 vestra
1240 3860 1328 3904 com-

373 3943 526 4028 patiatur,
542 3949 575 4007 et
598 3940 776 4021 subveniat,
791 3948 826 4005 et
848 3940 999 4005 adversus
1019 3948 1254 4019 contumacem,
1274 3941 1324 4004 in-

374 4048 589 4127 obedientem,
604 4052 639 4111 et
655 4044 818 4124 rebellem,
832 4066 900 4110 non
916 4053 1072 4130 suspecta
1086 4045 1180 4109 nobis
1191 4046 1328 4129 justitiae

374 4160 488 4217 vestrae
511 4151 597 4215 aelus
622 4149 839 4214 incandescat.
883 4150 963 4214 Non
988 4157 1038 4213 est
1060 4150 1151 4215 vobis
1176 4149 1327 4214 adversus

374 4255 605 4339 postulationes
622 4260 749 4317 nostras
765 4251 936 4315 excusatio.
983 4252 1123 4316 Potestis
1137 4250 1226 4315 enim
1241 4249 1327 4334 quod

254 4434 256 4439 ,
373 4359 523 4443 petimus,
538 4364 573 4423 et
591 4356 727 4436 debetis,
747 4354 962 4421 anathematis
981 4355 1092 4440 itaque
1111 4356 1274 4421 sententia
1292 4356 1329 4419 in
