3225 5192
290 695 357 739 mn.
376 671 575 755 nol-ca]
627 690 1070 736 sosncs1ass1snr1srosrr.
1180 675 1245 739 207

290 830 354 893 qua
374 807 573 873 extrinsecus
596 806 790 871 solennitate
811 805 980 871 irritanda.
1026 806 1113 873 Quia
1132 814 1244 874 tamen

287 912 425 995 populus
437 910 520 996 juris
535 909 639 994 apices
654 915 688 973 et
703 930 865 973 canonum
876 910 1003 974 occulta
1016 932 1085 975 non
1098 912 1244 995 percipit,

288 1014 355 1081 lata
371 1015 407 1078 in
428 1034 480 1079 me
500 1011 708 1097 postmodum
722 1018 796 1095 post
810 1012 1059 1096 appellationem
1074 1014 1245 1096 sententia,

289 1139 309 1181 a
335 1116 438 1181 doctis
468 1114 508 1179 de
537 1113 722 1181 humilitate
747 1114 882 1197 culpari,
905 1136 1003 1199 quam
1028 1116 1137 1180 divina
1162 1118 1244 1182 cele·

288 1220 414 1285 brando
434 1218 475 1283 de
495 1240 576 1282 ausu
596 1217 688 1302 quasi
708 1217 863 1301 sacrilego
878 1218 1123 1283 amultitndine
1136 1241 1244 1306 repre·

288 1322 399 1402 hendi,
414 1344 467 1387 me
487 1322 533 1385 sic
543 1320 687 1400 babens,
703 1320 798 1384 sicin
813 1321 964 1386 omnibus
980 1322 1143 1402 exhibens,
1160 1346 1197 1389 ac
1217 1326 1245 1389 si

289 1448 342 1491 mc
361 1432 489 1490 teneret
507 1422 680 1503 sententia,
697 1444 794 1507 quam
816 1423 858 1488 ab
879 1424 949 1509 ipso
970 1447 1037 1490 suae
1055 1428 1245 1511 pronuntia·

289 1529 387 1594 tionis
408 1528 504 1593 initio
526 1526 702 1611 apostolica
723 1526 904 1591 sublimitas
926 1526 1076 1608 elidebat,
1092 1529 1244 1614 adquam

290 1628 458 1713 proemissa
478 1625 650 1710 appellatio
670 1626 867 1691 sententiam
886 1646 929 1691 nc
948 1626 1028 1710 quid
1047 1635 1155 1712 posset
1176 1650 1245 1694 om-

291 1730 371 1796 nino
385 1728 608 1814 potentissime
622 1728 829 1812 reprimebat.
874 1729 940 1796 Qui
956 1730 1112 1795 nimirum
1126 1732 1245 1797 articu-

269 1834 342 1920 lus
359 1854 461 1917 quum
480 1832 581 1917 possit
600 1831 637 1897 in
656 1838 782 1915 partem
801 1831 886 1896 hanc
904 1839 1035 1915 patrum
1054 1835 1246 1903 auctoritate

292 1937 489 2019 suffragante
507 1933 684 2019 plurimum
698 1934 865 2018 disputari,
880 1936 1034 2019 inspectis
1048 1942 1160 2003 tamen
1172 1939 1245 2004 lite·

292 2039 345 2117 ris,
368 2038 484 2122 quibus
506 2057 559 2101 me
580 2044 686 2101 vestra
707 2036 824 2101 caritas
847 2037 1008 2103 instrucre
1031 2046 1065 2105 et
1088 2040 1245 2106 consolari

293 2142 428 2225 dignata
442 2146 502 2219 est,
518 2139 761 2204 altercationem
779 2140 898 2224 respui,
913 2146 947 2205 et
961 2142 1057 2226 juxta
1069 2144 1168 2207 vestri
1181 2143 1244 2209 for·

293 2264 380 2309 mam
390 2242 514 2309 consilii
528 2241 731 2307 absolutione
745 2249 894 2326 suscepta
907 2252 1065 2327 praesente
1079 2247 1245 2330 evangelio

292 2368 345 2412 me
358 2346 449 2411 vobis
469 2346 505 2409 in
524 2345 558 2410 id
578 2344 664 2429 quod
679 2350 784 2409 reama
802 2346 884 2411 milri
904 2347 1058 2412 sanctitas
1072 2348 1196 2415 dederit
1209 2350 1246 2413 in

293 2448 456 2515 mandatis
481 2447 630 2532 obligavi,
653 2454 759 2512 vestro
782 2469 840 2531 per
863 2450 974 2513 omnia
1000 2450 1163 2533 pariturus
1185 2452 1245 2515 im·

293 2551 381 2635 perio
407 2572 465 2637 pro
490 2549 711 2635 possibilitate,
735 2572 804 2617 non
826 2571 1010 2615 recessurus
1035 2574 1056 2616 a
1079 2553 1246 2637 promisso.

294 2652 463 2736 Temperet
485 2652 618 2717 obsecro
639 2654 755 2719 caritas
781 2660 918 2737 paterna
944 2653 1145 2733 mandatam,
1168 2678 1247 2741 quo·

294 2777 398 2839 usque
418 2776 528 2819 meum
550 2756 586 2819 in
604 2756 679 2841 jure
697 2756 945 2841 deprehenderit
962 2766 1071 2823 actore
1089 2758 1197 2842 aliquo
1214 2766 1248 2825 et

293 2857 409 2923 idoneo
432 2864 516 2923 teste
539 2867 717 2943 peccatum.
764 2860 800 2923 Si
825 2861 950 2925 meritis
973 2862 1112 2943 gratiam
1135 2862 1247 2927 referri

295 2960 416 3040 distuli,
433 2961 562 3027 estiva·
584 2962 680 3042 calor,
696 2962 868 3027 difficultas
890 2964 1025 3044 itineris,
1039 2964 1249 3049 depraedatio

294 3065 345 3131 nis
365 3073 472 3133 metus
492 3072 526 3131 et
546 3065 691 3145 carcerb,
705 3066 740 3131 id
754 3067 859 3133 fecere
873 3067 1005 3133 differri.
1052 3068 1088 3132 Si
1103 3090 1250 3153 prognes

296 3190 350 3232 sus
369 3168 405 3233 in
425 3168 542 3233 itincre
561 3168 678 3233 advos
697 3190 800 3253 usque
818 3191 888 3236 non
906 3172 1056 3257 processi,
1070 3173 1249 3257 explorato,-

295 3295 370 3341 rum
383 3273 509 3339 insidiis
523 3273 699 3357 impeditus
713 3296 795 3353 sum,
808 3282 842 3339 et
856 3298 877 3339 a
889 3278 1013 3341 nuntiis
1028 3275 1151 3341 domini
1164 3277 1249 3361 regis

296 3401 317 3443 a
336 3386 444 3443 vestra
465 3376 664 3444 sublimitate
686 3379 831 3458 reversis,
853 3380 914 3445 snb
935 3382 1041 3445 multa
1060 3380 1249 3447 intermina-

296 3482 385 3546 tione
413 3488 591 3547 revocatus.
635 3480 779 3547 Obsecro
807 3503 866 3566 per
893 3483 1144 3549 misericordiam
1169 3485 1250 3549 Jesn

297 3584 419 3649 Christi
441 3584 574 3649 Domini
594 3584 708 3664 nostri,
728 3592 766 3649 ut
789 3593 883 3670 pater
900 3586 983 3651 iram
1003 3587 1071 3652 filio
1092 3587 1134 3651 de
1154 3587 1250 3653 corde

296 3692 453 3771 mmittat,
473 3700 506 3756 et
526 3692 562 3756 in
581 3714 641 3757 sua
660 3694 859 3777 protectione
873 3702 1069 3779 susceptum,
1083 3702 1191 3760 totum
1209 3694 1250 3764 de

296 3802 414 3859 caetero
432 3794 475 3858 ad
491 3815 587 3859 omne
607 3816 699 3880 posse
718 3817 828 3861 meum
847 3804 881 3861 et
900 3797 928 3861 si
946 3819 1042 3862 suum
1056 3798 1137 3863 velle
1151 3799 1251 3883 possi·

297 3898 382 3962 deat.
437 3896 613 3963 Conservet
635 3898 892 3965 incolumitatem
917 3907 1056 3966 vestram
1078 3902 1250 3981 Dominus,

297 4000 333 4065 in
348 4000 478 4066 Christo
492 3999 609 4065 dilecte
623 4008 724 4087 pater.
