3225 5192
127 723 133 730 -
247 698 315 744 66.
334 679 533 764 nol-89]
585 699 1027 750 nosnosrnusmsrrsroun.
1134 689 1198 754 311

247 815 420 881 affectuose
449 815 630 882 desiderare
659 816 864 902 colloquium,
889 826 928 884 ut
956 821 1131 907 percipiam
1159 846 1200 889 ex

246 918 341 983 amici
359 920 533 1002 praesentia
550 919 636 1006 quod
656 920 785 986 affectat
804 921 980 1004 plurmum
995 925 1103 990 anima
1117 927 1197 991 sola-

245 1021 339 1086 tium.
386 1021 484 1089 Quod
499 1023 575 1106 quia
588 1023 683 1088 variis
701 1041 811 1087 rerum
829 1023 1004 1108 impeditur
1020 1027 1197 1108 eventibus

245 1123 331 1206 quod
349 1124 521 1209 corporalis
536 1125 693 1190 alterutro
706 1125 800 1191 nobis
815 1125 963 1193 absentia
976 1128 1147 1210 subtrahit,
1161 1130 1198 1196 id

245 1245 353 1309 quaeso
378 1229 493 1292 caritas
517 1228 573 1292 illa
598 1228 754 1312 suppleat,
780 1249 852 1312 quae
876 1231 980 1295 nescit
1004 1230 1194 1313 absentiam,

245 1347 379 1413 quaeque
403 1330 511 1414 ipsum
532 1351 628 1415 quem
651 1329 767 1414 diligit,
790 1331 853 1395 sibi
876 1349 1002 1417 semper
1022 1334 1059 1398 in
1080 1335 1195 1419 spiritu

243 1432 334 1497 novit
357 1432 508 1498 exhibere
531 1435 692 1518 praesenti.
737 1433 789 1499 De
813 1441 938 1516 caetero,
959 1436 1115 1502 Willelmi
1136 1439 1196 1503 tilii

244 1535 284 1598 R.
299 1556 393 1618 prece
408 1537 563 1620 pulsatus,
577 1536 812 1602 benevolentiae
828 1545 943 1604 restra
955 1541 1068 1623 precesl
1079 1541 1196 1607 offerre

243 1639 425 1722 compellor,
441 1641 595 1726 quatinus
610 1641 649 1704 B.
666 1641 819 1706 clericum
835 1641 935 1724 ipsius
950 1642 994 1707 66
1006 1643 1194 1710 diaconatus

243 1739 387 1805 ordinem
409 1749 593 1826 promotum
611 1744 747 1827 jamdiu,
768 1743 810 1809 ad
832 1745 1047 1810 sacerdotium
1067 1767 1194 1830 promo·

241 1863 314 1907 vere
327 1844 414 1909 velis.
460 1844 556 1911 Quod
578 1866 687 1911 amore
709 1846 772 1910 Dei
793 1867 935 1931 meusque
955 1849 1121 1932 petitionis
1142 1850 1192 1914 in·

241 1947 545 2032 tuitu⁸oomplendo‚
562 1955 596 2013 et
615 1949 722 2033 ipsum
739 1949 896 2014 emtionis
913 1951 1100 2031 obnoxium,
1120 1952 1192 2018 Deo

241 2069 355 2132 meque
369 2050 430 2115 tibi
445 2051 566 2132 gratim
582 2052 671 2116 utin
686 2051 847 2131 omnibus,
862 2051 1041 2120 debitorem
1063 2054 1191 2120 exhibe·

240 2149 299 2216 bis.
328 2152 446 2218 Valeas
460 2154 496 2217 in
512 2153 643 2218 Christo
657 2154 830 2218 carissime.

300 2470 521 2538 urlsuohs
543 2471 765 2536 ccxx-ln
783 2491 969 2536 66666666
986 2492 1125 2537 muccu-

527 2593 681 2638 NIENSEM
697 2593 900 2638 EPISCOPUM.

243 2721 415 2787 Venerabili
434 2725 555 2788 domim
567 2724 731 2808 fratrique
749 2725 964 2788 6666666611.
981 2724 1190 2789 Idncoluieasi

279 2831 428 2910 episeopo,
442 2829 551 2910 freter
576 2830 614 2894 G.
636 2829 859 2893 6666666666
881 2829 1014 2893 eeclesiae
1038 2830 1188 2909 vaiomer,

280 2931 313 2993 iu
326 2936 449 2995 6666666
462 2930 550 2995 adei
557 2932 615 3012 pie
629 2931 753 2996 Christo
760 2930 928 3013 famulari.

280 3078 365 3145 Qus
387 3081 453 3144 sint
477 3101 552 3164 opes
575 3081 638 3145 loci
662 3081 718 3164 qui
741 3081 861 3147 dicitur
886 3082 1063 3161 Haliwelle,
1086 3081 1188 3147 divul-

236 3188 334 3265 gante
362 3182 458 3262 fama,
488 3190 604 3248 notum
632 3183 768 3249 forsitan
797 3183 964 3250 habuistis.
1018 3185 1188 3268 Angustus

236 3283 367 3368 quidem
394 3284 482 3349 locus
508 3292 557 3349 est
586 3291 620 3350 et
649 3286 794 3370 exiguus,
821 3285 902 3352 adeo
925 3292 965 3351 ut
989 3287 1090 3350 trium
1118 3288 1188 3370 agri

230 3387 384 3471 jugerum
398 3387 509 3471 spatio,
524 3394 614 3453 totus
628 3388 724 3472 plene
738 3387 906 3452 limitetur.
951 3387 1076 3452 Locum
1097 3387 1187 3452 hunc

232 3488 416 3553 inhabitant
437 3489 552 3572 viginti
574 3509 697 3554 sorores
717 3489 830 3555 velatae
849 3495 882 3554 et
903 3495 1097 3554 consecratae
1118 3489 1184 3555 Do·

233 3591 332 3669 mino,
348 3591 462 3656 divinis
473 3591 597 3675 jugiter
611 3592 797 3657 insistentes
812 3583 974 3672 laudibus,
989 3599 1023 3658 et
1045 3594 1187 3661 Domino

232 3693 422 3776 regulariter
443 3692 666 3779 obsequentes.
713 3694 937 3778 Temporalem
951 3693 1002 3759 bis
1015 3695 1139 3761 victum
1152 3703 1187 3762 et

232 3795 384 3860 vestitum
405 3795 568 3861 ministrat
583 3797 717 3861 eeclesia
731 3796 772 3862 de
786 3797 892 3862 Dnnt'
911 3798 989 3881 ipsis
1009 3820 1029 3862 6
1047 3819 1185 3881 praesen-

231 3898 315 3964 tium
335 3898 437 3964 latore
459 3900 614 3983 magistro
636 3902 764 3983 Rogero
786 3901 839 3983 pie
861 3901 986 3979 collata,
1006 3906 1042 3966 et
1060 3903 1185 3967 miseri-

230 4003 369 4068 corditer
394 4023 414 4066 a
439 4004 541 4086 gretia
563 4009 671 4068 vestra
694 4004 894 4068 confirmate.
940 4005 1014 4069 Hac
1035 4003 1184 4085 deducta,

229 4104 318 4169 locus
342 4125 439 4189 quem
462 4105 624 4189 praedictae
647 4125 780 4176 sorores,
795 4103 992 4183 inhabitant,
1013 4105 1091 4187 ipsis
1113 4105 1184 4186 qui·

230 4205 302 4271 dem
324 4207 365 4271 ad
388 4207 582 4292 sepulcrum,
598 4206 640 4272 ed
653 4206 775 4270 victum
788 4225 865 4270 vero
879 4205 972 4269 66116
986 4203 1083 4268 modo
1097 4203 1184 4266 suffi-

228 4309 300 4374 ciet.
346 4311 496 4376 Mentem
510 4311 619 4394 itaque
634 4317 773 4375 vestram
787 4314 916 4372 moveat
934 4325 1047 4391 precor
1061 4306 1117 4370 ille
1131 4325 1182 4370 ca·
