3225 5192
395 692 460 755 210
708 706 867 749 crunnum
885 706 1037 749 selscorr

397 824 484 889 Hine
507 822 652 887 omnium
675 820 731 905 qui
753 821 820 885 vies
842 820 1002 898 obsident,
1019 820 1075 903 qui
1094 820 1190 883 cubes
1212 818 1350 884 directos

395 926 436 991 sd
456 948 511 989 vos
530 931 569 989 ut
589 924 731 989 formicae
746 924 996 1006 circumquaque
1011 922 1227 986 discurrentes
1241 922 1351 986 obem-

395 1029 519 1105 bulunt,
531 1028 620 1092 furor
636 1048 788 1091 accensus
804 1032 863 1103 est,
876 1034 914 1089 ut
929 1046 990 1088 nec
1006 1025 1113 1089 Deum
1129 1031 1275 1088 verentes
1289 1046 1350 1089 nec

395 1131 552 1208 homines,
568 1130 701 1212 impune
724 1127 784 1191 sibi
806 1128 842 1190 in
864 1149 917 1191 me
939 1134 1058 1191 cuncta
1078 1128 1174 1190 licere
1192 1126 1350 1211 judicent,

396 1234 585 1317 obsequium
601 1232 741 1296 Domino
756 1238 907 1315 proestare
930 1252 963 1295 se
984 1236 1145 1313 reputent,
1162 1231 1190 1292 si
1204 1230 1284 1293 mibi
1303 1229 1353 1292 in-

393 1337 488 1421 jectis
518 1334 666 1399 munibus
697 1334 824 1397 demnis
854 1354 908 1397 me
935 1333 1056 1416 puriter
1085 1339 1118 1397 et
1148 1332 1352 1396 contumeliis

397 1439 547 1515 efficient,
560 1444 592 1501 et
608 1437 757 1501 carcerali
774 1436 993 1520 mancipatum
1008 1435 1171 1513 custodiae‚
1186 1435 1349 1498 bominem

398 1561 558 1605 asummo
574 1540 827 1604 condemnatum
850 1547 883 1601 et
905 1538 1112 1623 reprobatum
1134 1539 1295 1621 pontifice,
1311 1538 1351 1601 ud

398 1649 543 1706 eructem
555 1664 656 1725 usque
671 1641 762 1724 stipis
778 1642 902 1704 ultimae
915 1641 1182 1723 redemptionem,
1194 1642 1352 1724 exquisita

398 1766 567 1827 poenurum
584 1744 782 1807 adhibitione
797 1744 1002 1827 compellunt.
1037 1744 1162 1807 Stratus
1173 1766 1285 1807 omnes
1299 1744 1352 1807 hic

399 1845 550 1910 adversus
572 1867 625 1909 me
644 1846 713 1930 jam
735 1867 847 1909 rumor
865 1846 1019 1929 implevit
1067 1844 1139 1909 Huc
1157 1847 1353 1910 transiturus

398 1949 452 2013 ille
482 1956 541 2026 est,
567 1970 662 2031 quem
692 1970 808 2012 munus
838 1950 1012 2032 apostolica
1040 1949 1166 2013 cunetis
1195 1950 1350 2033 exposuit,

399 2072 495 2133 quem
510 2060 548 2113 nt
563 2051 729 2133 Egyptum
745 2051 891 2134 spoliare,
901 2051 1067 2129 emanare,
1084 2050 1187 2115 modis
1201 2052 1352 2116 omnibus

398 2153 538 2234 effligere
554 2152 657 2215 bonus
673 2152 751 2215 odor
766 2152 912 2217 sacrificii
932 2154 1013 2231 Deo,
1029 2162 1063 2217 et
1082 2154 1168 2236 apud
1185 2154 1351 2217 ecclesiam

398 2264 621 2319 consummata
640 2255 711 2318 leus
732 2263 790 2318 cst.
835 2257 957 2339 Aptute
976 2278 1102 2334 manus,
1119 2256 1263 2321 adhibite
1281 2278 1351 2320 cus·

398 2358 530 2434 tedium,
554 2377 595 2421 ne
621 2357 681 2421 sub
708 2358 805 2437 larva,
828 2366 887 2423 aut
909 2359 1133 2443 quoquomodo
1158 2360 1352 2424 subornatus

399 2460 522 2523 evadet.
568 2460 746 2525 Londoniae
767 2461 856 2526 vobis
878 2483 956 2545 opes
979 2462 1015 2525 in
1037 2462 1147 2545 jannis
1168 2482 1242 2527 ecee
1263 2470 1350 2527 sunt.

400 2564 519 2646 Inopes
548 2585 603 2628 vos
633 2564 673 2627 de
703 2571 820 2628 coetero
847 2565 1048 2647 negligentis
1072 2566 1141 2628 sole
1164 2566 1350 2631 constituet.

402 2668 466 2731 Hic
486 2674 578 2750 puter
598 2667 766 2731 adversum
787 2689 839 2731 me
858 2690 971 2732 murus
991 2676 1116 2732 erectus
1131 2675 1191 2745 est,
1205 2669 1277 2731 boec
1290 2691 1350 2733 un·

400 2770 496 2854 dique
515 2770 684 2835 difficultas
703 2770 839 2855 objectu,
855 2792 952 2854 quam
975 2772 1036 2835 etsi
1054 2772 1189 2856 juvente
1210 2772 1351 2836 Domino

399 2874 626 2937 transcendere
651 2872 875 2956 quoquomodo
900 2873 1113 2956 contingeret,
1138 2880 1216 2938 setus
1241 2882 1351 2939 temen

400 2977 525 3053 ultima,
541 2997 612 3059 quae
628 2998 647 3039 a
661 2975 806 3058 pluribus
825 2996 879 3039 me
894 2976 963 3060 jam
983 2976 1077 3040 annis
1097 2977 1232 3061 excepit,
1252 2978 1351 3061 impe·

401 3078 545 3141 dimento
566 3078 645 3141 mihi
668 3086 727 3156 cst,
748 3100 789 3143 ne
810 3086 867 3143 ent
886 3079 949 3143 iter
968 3079 1057 3144 istud
1076 3081 1224 3163 arripere,
1240 3087 1298 3144 sut
1316 3080 1352 3144 in

400 3179 530 3262 peribus
558 3179 617 3241 sibi
642 3180 761 3243 viribus
787 3181 928 3245 laborem
955 3183 1042 3245 huuc
1068 3190 1125 3247 eut
1149 3183 1270 3266 possim
1295 3191 1351 3249 unt

400 3282 534 3344 audeam
552 3281 753 3363 aliquatenus
768 3291 971 3367 attemptare.
1018 3284 1099 3349 Haec
1118 3286 1199 3349 mibi
1213 3287 1283 3370 jum
1300 3295 1351 3353 tot

399 3384 521 3447 invexit
544 3384 748 3449 incommodo
771 3394 848 3469 quot
870 3408 1059 3453 enumerare
1083 3391 1216 3471 longum
1239 3398 1297 3469 est,
1316 3398 1351 3455 et

400 3508 471 3570 quse
491 3486 592 3569 magis
613 3488 811 3570 supprimere
826 3512 920 3573 quum
938 3492 1056 3575 scripto
1077 3494 1244 3577 propalare
1265 3516 1350 3559 com-

400 3589 490 3671 pellit
505 3589 735 3654 erubescentia.

552 3823 773 3887 EPISTOLA
796 3824 1028 3890 CLVII.—sn
1045 3850 1200 3894 rnunnu.

399 3961 492 4023 Patri
521 3980 575 4021 cuo
605 3966 634 4023 et
665 3962 786 4024 domiuo
812 3984 927 4025 summo
950 3964 1094 4046 pontifici
1118 3968 1158 4029 A.
1176 3968 1286 4047 stater
1311 3972 1350 4034 G.

442 4063 665 4126 Loodonieneis
682 4064 816 4126 ecclesie
837 4068 986 4146 osinister,
1005 4070 1148 4131 humilem
1168 4076 1197 4133 et
1218 4071 1352 4136 debitum

442 4168 585 4229 cecitatis
599 4172 629 4229 et
644 4166 823 4229 obedientie
829 4167 1028 4249 famulatum.

403 4362 407 4371 ,
442 4302 682 4365 Vuuuusnrnrs
714 4308 745 4365 et
777 4302 931 4367 carissimi
956 4305 1065 4369 frat-ris
1091 4310 1203 4387 nostri,
1229 4311 1351 4376 domini
