3225 5192
231 675 299 720 un.
317 653 518 738 1189—48.]
544 671 759 720 ueneramus
774 671 952 718 rursrou.
1143 653 1186 720 47

231 789 346 875 majori
360 793 394 856 et
404 787 636 872 melioriperte
644 785 741 854 vestri
755 785 948 864 diffidentes,
959 785 1017 854 sed
1030 786 1189 854 canantes

231 893 381 978 equidem
396 898 430 958 et
445 891 654 974 indignantes
665 890 752 974 quod
765 889 839 955 ilios
853 890 909 974 qui
921 910 977 954 vos
990 889 1190 956 conturbant

231 997 386 1062 intervos
407 993 566 1060 dominari
587 999 622 1060 et
642 993 817 1078 principari
837 992 1035 1077 permittitis.
1079 992 1189 1060 Audio

232 1099 326 1166 illum
354 1119 423 1162 non
452 1097 524 1164 dico
552 1096 715 1164 carnalem
745 1095 803 1164 sed
831 1116 963 1162 carnem
986 1095 1188 1163 Adelardnm

234 1200 430 1284 demigrasse
441 1198 662 1276 cantuariam,
674 1198 814 1265 Romam
823 1197 902 1263 inde
915 1197 1052 1263 forsitan
1065 1197 1189 1282 profec-

231 1313 337 1371 turus.
383 1300 448 1366 Sed
469 1300 547 1385 quid
568 1299 597 1366 si
619 1301 756 1368 Romam
779 1299 929 1366 venerit?
974 1299 1102 1366 Sentiet
1120 1301 1188 1367 axis

232 1427 326 1486 onus,
337 1410 371 1471 et
387 1404 429 1473 ad
444 1409 574 1470 tautum
585 1402 711 1487 pcndm
722 1403 812 1470 curia
821 1402 958 1468 forsitan
968 1400 1187 1470 inclinabitur.

233 1509 339 1575 Vetus
360 1508 423 1574 ista
444 1507 574 1591 querela
594 1512 653 1584 est,
669 1513 703 1574 et
723 1505 812 1572 inter
830 1525 962 1572 earnem
981 1511 1015 1572 et
1038 1505 1189 1589 spiritum

234 1612 276 1682 ab
315 1611 394 1696 ipsis
430 1609 571 1678 ecclesie
606 1609 775 1676 cunabulis
810 1610 1020 1677 vehementer
1054 1609 1187 1693 agitata.

235 1715 368 1784 Jamdiu
382 1721 441 1794 est,
457 1713 543 1798 quod
562 1733 637 1779 caro
651 1712 849 1797 concupiscit
865 1712 1018 1778 adversus
1037 1712 1187 1797 spiritam

234 1825 268 1883 et
282 1818 414 1902 spiritus
428 1817 579 1881 adversus
594 1836 734 1880 caruem.
780 1814 851 1879 Nos
861 1835 936 1879 vero
950 1814 1188 1881 ambulabimus

234 1921 386 1988 adversm
401 1939 530 1984 carumn
545 1927 578 1983 et
593 1918 698 1983 caruis
713 1938 812 2002 opera
823 1917 1013 1982 recidemus.
1054 1917 1187 1996 Audiat,

235 2025 381 2088 edvertm
398 2022 503 2087 carnis
520 2041 618 2106 opera
634 2027 667 2086 et
684 2021 798 2085 faciem
821 2041 913 2084 snam
932 2020 1082 2085 dominus
1101 2019 1188 2084 Ade-

234 2126 344 2192 lsrdns
376 2125 548 2208 intelligat.
603 2124 692 2192 Nam
725 2145 823 2208 opera
854 2123 960 2190 caruis
996 2122 1066 2190 hec
1098 2129 1187 2202 sunt,

234 2227 413 2304 fornicatio,
432 2225 649 2304 immunditie,
670 2223 882 2310 impudicitia,
901 2225 1040 2303 luxuria,
1059 2230 1094 2289 et
1115 2245 1188 2308 quae

235 2327 421 2414 hujusmodi
436 2334 524 2393 sunt.
569 2327 636 2393 Qui
656 2334 797 2392 sectatur
816 2327 1003 2412 hujusmodi
1019 2327 1111 2392 nulla
1126 2326 1188 2392 sibi

235 2432 296 2498 erit
311 2453 386 2498 cum
397 2437 502 2497 vestro
517 2431 735 2496 commilitone
750 2432 946 2496 communio.
989 2431 1063 2496 Nec
1075 2439 1188 2497 tamen

235 2536 304 2602 hice
318 2535 455 2602 dicimus
474 2542 631 2620 tanquam
650 2533 783 2600 irenem
797 2543 940 2600 vestrum
959 2542 1188 2620 persequentes

235 2639 271 2704 iu
291 2639 398 2725 aliquo
411 2639 462 2704 vel
479 2639 611 2704 demum
630 2637 708 2704 talia
726 2637 943 2722 suspicantem
964 2637 1189 2722 persequimur

237 2743 314 2808 vitis
336 2763 405 2808 non
428 2762 591 2826 personas.
636 2742 761 2825 Aspera
783 2740 931 2820 dicimus,
952 2747 1103 2825 optantes
1126 2739 1189 2825 ipsi

236 2845 379 2912 meliora.
423 2844 520 2910 Vano
535 2844 699 2912 seducitur
712 2844 857 2912 fortassis
869 2843 1005 2910 intuitu.
1050 2844 1188 2909 Romam

236 2949 366 3018 estimat
384 2949 473 3016 velut
492 2946 683 3014 arundinem
701 2947 791 3012 omni
812 2968 906 3031 posse
925 2947 1042 3032 spiritu
1060 2947 1186 3030 agitari

238 3053 350 3118 Romae
372 3053 491 3118 scimus
513 3051 680 3116 veritatem
706 3049 870 3117 obscurari
893 3070 996 3134 posse,
1019 3069 1188 3133 nunquam

236 3165 357 3236 tamen,
373 3155 512 3222 uicerit
526 3155 647 3238 agnita,
662 3153 836 3239 reprobari.
881 3154 1030 3220 Thronus
1044 3153 1100 3218 ille
1117 3153 1187 3238 jus-

236 3261 310 3326 titia
334 3265 395 3338 est,
418 3259 595 3344 equitatem
620 3257 712 3323 sedes
736 3257 793 3322 illa
813 3257 950 3342 judicet.
995 3256 1068 3324 Nec
1090 3276 1188 3322 eausa

235 3363 298 3427 ista
323 3369 373 3426 eet
398 3381 470 3446 quae
494 3361 530 3424 in
551 3361 658 3426 lucem
681 3361 790 3426 venire
812 3359 989 3426 erubescat.
1032 3359 1127 3424 Nihil
1151 3360 1188 3426 in

237 3485 314 3530 aure
337 3462 476 3528 diximm
502 3461 589 3546 quod
613 3481 710 3546 super
730 3469 819 3526 tecta
841 3460 1010 3544 predicari
1034 3459 1186 3526 nolimus.

236 3567 278 3634 Iu
291 3566 479 3632 innocentie
491 3563 627 3648 ingressi
642 3585 764 3644 sumus,
776 3570 811 3629 et
822 3572 989 3648 sperantes
998 3562 1035 3628 iu
1045 3562 1187 3628 Domino

235 3691 302 3736 non
316 3668 563 3734 infirmabimur.
609 3667 774 3752 Rogemus
790 3666 911 3750 itaque,
925 3665 1133 3744 dilectissimi,
1148 3671 1188 3733 ut

236 3771 446 3838 unanimitati
460 3771 615 3838 studeatis
629 3778 663 3836 et
682 3770 764 3855 paci,
778 3776 813 3834 ct
829 3775 955 3854 patrem
968 3775 1112 3832 vestrm
1130 3787 1189 3853 per

237 3875 354 3954 omnia,
371 3875 454 3940 sicut
469 3874 561 3940 decet
575 3875 657 3942 filios
671 3873 877 3952 honorantes,
889 3872 937 3936 illi
949 3893 1046 3956 quam
1060 3879 1187 3956 oportet

236 3977 449 4044 reverentiam
474 3983 507 4041 et
532 3975 625 4041 uobis
651 3995 749 4059 quam
774 3974 981 4060 sperabamus
1006 3976 1187 4056 mritatem,

236 4101 303 4147 non
314 4087 446 4146 tantm
459 4078 551 4144 labiis
562 4079 620 4146 sed
630 4077 725 4144 corde
735 4079 844 4163 potius
855 4077 1045 4143 exhibeatis:
1060 4077 1187 4145 habetis

236 4203 350 4263 uuum,
366 4201 463 4266 quem
480 4182 508 4246 si
526 4181 621 4246 corde
640 4179 801 4264 suscipitis
818 4187 852 4245 et
873 4179 1099 4258 nocentiam
1120 4199 1188 4243 nuo

235 4285 291 4352 illo
308 4306 368 4351 nos
386 4305 499 4350 omnes
516 4284 643 4370 integre
660 4282 874 4370 possidebitis.
919 4281 1017 4349 Quod
1030 4282 1059 4348 si
1070 4280 1187 4347 faciem
