3225 5192
275 700 342 746 sm.
362 679 564 762 nol-ea]
615 697 855 742 nouuosmrssrs
869 697 1046 744 srrsronrs.
1168 683 1233 747 30⁷

277 838 315 882 es
328 817 460 882 nomine
476 816 677 881 ministrasse
692 816 924 896 existimantes,
936 839 956 880 a
967 817 1110 882 Roberto
1119 817 1232 882 fraude

275 920 405 984 tacendi
424 919 511 1003 quod
530 925 664 984 noverat
683 918 904 998 circumventi,
920 919 1086 1002 multaque
1099 940 1232 1002 precum

276 1024 344 1108 ejus
369 1023 528 1089 instantia
553 1023 687 1088 tandem
713 1022 804 1100 moti,
830 1021 997 1086 ecclesiam
1017 1022 1086 1106 jam
1112 1022 1233 1087 dictam

276 1125 338 1208 ipsi
360 1125 586 1205 concessimus,
609 1123 780 1208 ipsumque
800 1145 840 1189 ea
859 1125 922 1188 etsi
937 1124 1020 1208 juris
1039 1125 1136 1189 slieni
1155 1146 1231 1190 oon·

276 1229 445 1294 seientiam
468 1227 655 1308 habentem,
678 1228 740 1293 hoc
764 1227 896 1310 quidem
918 1227 1105 1311 ignorantes
1128 1228 1232 1294 inves-

277 1331 418 1396 tivimus.
467 1331 541 1398 Quo
564 1331 685 1414 agnito,
704 1331 870 1395 Wolterus
892 1330 933 1394 de
955 1329 1107 1396 Broward
1130 1329 1233 1396 Here·

274 1433 446 1498 fordiensis
473 1433 614 1498 ecclesiae
640 1434 824 1513 canonicus,
854 1432 1059 1518 praesentiam
1087 1439 1232 1496 nostram

277 1535 397 1616 odiens,
413 1537 581 1601 ecelesiam
592 1538 662 1621 jam
677 1537 797 1601 dictam
813 1537 864 1601 sui
874 1535 958 1620 jmis
973 1557 1052 1615 esse,
1067 1535 1233 1620 ipsamque

277 1637 337 1702 sibi
359 1660 379 1701 a
399 1638 632 1722 praedecessore
653 1645 766 1703 nostro
788 1638 883 1704 bonse
904 1640 1068 1704 memorias
1088 1639 1233 1704 Rober'to

276 1742 422 1824 episcopo
444 1742 599 1806 canonice
621 1763 806 1806 concessam
828 1743 927 1807 fuisse
949 1743 1097 1822 assensit,
1120 1749 1232 1826 postu·

274 1845 345 1910 leus
363 1843 424 1909 sibi
443 1845 484 1909 nd
502 1844 537 1910 id
555 1845 760 1928 probandum
775 1845 862 1910 diem
877 1847 1043 1926 constitui,
1059 1853 1093 1911 et
1108 1847 1231 1911 Rober-

274 1953 347 2012 tnm
370 1969 466 2032 super
487 1949 550 2014 hoc
574 1949 611 2012 in
632 1950 687 2033 jus
710 1949 845 2014 evocari.
892 1950 1025 2014 Statuto
1045 1949 1156 2034 itaquo
1177 1949 1230 2014 die

276 2051 400 2117 duobus
414 2051 587 2117 Lidebirise
601 2053 784 2118 convocetis
800 2053 958 2137 capitulis,
969 2054 1135 2118 Walterus
1148 2074 1230 2137 prm-

277 2162 367 2220 sente
382 2155 536 2235 Roberto,
552 2157 717 2221 ecclesiam
740 2156 781 2221 de
795 2156 1002 2235 Witeburne,
1016 2163 1056 2220 nt
1073 2158 1143 2241 jam
1165 2156 1230 2221 die-

275 2265 347 2322 tum
368 2264 427 2338 est,
442 2258 504 2323 sibi
524 2258 565 2322 de
581 2259 656 2343 jure
675 2265 858 2344 competere
878 2260 1024 2339 asseruit,
1041 2265 1074 2324 et
1093 2259 1231 2343 ipsoma

277 2361 484 2426 Richewsrdo
505 2361 543 2425 in
564 2383 665 2426 mann
687 2361 811 2427 domini
831 2362 967 2427 Boberti
987 2362 1125 2446 episcopi
1144 2361 1229 2426 refu·

275 2469 389 2544 tatum,
415 2465 451 2528 in
476 2485 511 2528 se
534 2465 688 2529 canonice
711 2464 752 2530 ab
775 2465 890 2530 eodem
911 2465 1057 2548 episcopo
1079 2465 1230 2552 collatam

274 2567 385 2645 fuisse,
405 2567 576 2632 sufficienti
594 2566 785 2632 idoneorum
805 2568 939 2632 testium
958 2568 1050 2651 copis
1065 2568 1229 2652 juramen-

274 2670 317 2734 tis
337 2691 433 2753 super
451 2671 513 2734 boc
532 2670 739 2754 corporaliter
758 2670 920 2750 exhibitis,
940 2670 1126 2754 plenissime
1143 2689 1229 2734 oom-

275 2772 431 2857 probavit.
478 2773 577 2836 Unde
597 2773 763 2837 eeclesiam
785 2773 922 2837 eandem
942 2771 1085 2838 Boberto
1105 2772 1230 2856 abjudi·
1354 2826 1360 2839 .

274 2883 389 2955 catam,
408 2877 479 2961 jam
501 2875 588 2940 dicto
604 2877 750 2941 Woltero
772 2898 812 2942 ex
834 2878 996 2942 sententis
1017 2875 1228 2956 restituimus,

274 2985 307 3044 et
330 2986 403 3062 post
427 2978 530 3064 ipsius
553 2979 729 3058 decessum,
752 2980 855 3064 ipsam
880 2981 936 3044 alii
960 2978 1089 3045 cuidam
1114 2979 1229 3044 clerieo

274 3089 379 3148 vestro
394 3082 523 3166 Rogero
537 3083 763 3160 concessimus,
779 3104 877 3166 quam
899 3083 940 3148 ab
962 3103 1002 3147 eo
1022 3081 1230 3166 postmodum

273 3185 459 3264 refutatam,
480 3185 576 3250 latori
597 3185 807 3269 praesentium
828 3185 983 3265 Henrico,
1004 3185 1095 3249 omni
1114 3205 1229 3249 vacan-

274 3294 343 3354 tem
357 3308 493 3370 persons
507 3295 540 3353 et
555 3307 735 3372 possessore
750 3289 949 3354 donavimus.
995 3287 1143 3354 Quorum
1158 3277 1230 3369 quis

275 3390 311 3454 in
328 3391 403 3474 jure
421 3390 526 3474 potior
545 3390 715 3456 habendus
737 3393 788 3472 sit,
810 3389 1013 3457 discernentis
1030 3411 1050 3454 e
1067 3387 1155 3453 facili
1174 3389 1231 3472 qui

273 3493 347 3576 jure
361 3493 532 3572 celebrata,
551 3515 594 3558 an
608 3493 665 3578 qui
680 3494 855 3560 donatione
867 3491 995 3571 nititur,
1011 3513 1052 3557 ex
1069 3490 1232 3556 sententia

275 3601 459 3662 retraetata.
505 3597 622 3662 Valere
642 3619 698 3664 vos
717 3603 867 3682 optamus
886 3598 922 3663 in
942 3596 1093 3675 Domino,
1115 3595 1230 3662 trabes

276 3699 312 3764 in
330 3700 461 3765 Clu-isto
476 3701 641 3767 carissimi.
