3225 5192
228 715 234 728 ·
354 696 397 760 56
555 748 558 757 .
601 662 765 757 aliorsus
781 711 903 758 romon-
919 709 1066 754 ssssrrs

383 1062 604 1128 EPISTOLA
627 1061 789 1128 tlh-m
805 1079 990 1126 aonrarmr
1007 1079 1286 1127 uscotmrrrsru

736 1183 938 1231 rrrsoorou.

363 1315 540 1385 Venerabili
562 1315 684 1380 domito
703 1313 866 1401 fratrique
895 1314 1055 1377 camerae
1083 1313 1217 1376 Rodmo
1246 1312 1312 1376 Dei
1354 1312 1359 1321 '

310 1433 320 1446 ·
398 1421 507 1502 pratia
522 1419 730 1484 Liacolnieasi
744 1419 885 1500 episcopo
902 1418 941 1481 0.
956 1415 1149 1498 Heresordioe
1161 1417 1311 1494 minister,

399 1529 519 1612 pradia
527 1531 621 1611 pacis
634 1533 665 1594 et
678 1529 799 1592 solutis.

405 1679 477 1744 Pno
496 1679 606 1743 anima
625 1677 706 1742 mihi
727 1697 778 1742 res
795 1684 903 1756 estet
921 1675 1311 1756 srmtooulimeiadvos,

360 1787 398 1845 ut
423 1781 582 1865 impleatis
607 1781 643 1844 in
668 1781 860 1846 necessitate
884 1780 947 1845 hae
971 1779 1166 1844 desiderium
1191 1801 1311 1843 meum.

362 1883 461 1967 Regis
482 1883 532 1947 ira
550 1883 700 1947 adversus
718 1882 870 1948 abbatem
891 1882 1077 1947 Glooeatriae
1094 1890 1128 1946 et
1146 1881 1313 1946 eeclesiam
1441 1929 1447 1938 .
1489 1867 1496 1876 ¹

361 1984 590 2049 malevolorum
611 1984 744 2050 oonsilio
757 1984 965 2050 vehementer
985 1985 1172 2064 incanduit3
1195 1991 1229 2049 et
1249 1984 1314 2048 nisi

361 2089 520 2152 voluntati
536 2089 605 2173 ejus
621 2087 719 2153 abbas
736 2089 805 2172 ipse
820 2087 905 2152 infra
924 2088 1020 2153 breve
1034 2089 1174 2172 spatium
1188 2087 1312 2153 obtem-

360 2190 529 2275 peraverit,
547 2197 650 2255 terras
675 2191 775 2275 ipsius
796 2179 937 2256 eoelesiae
959 2212 1082 2270 omnes,
1105 2211 1177 2275 quse
1197 2191 1233 2254 in
1255 2212 1314 2254 sua

359 2297 520 2376 potestate
538 2299 625 2372 sunt,
641 2312 698 2356 rex
717 2292 779 2357 sibi
799 2313 926 2357 sumere
946 2299 978 2358 et
996 2293 1137 2358 eoelesiae
1157 2294 1218 2377 ipsi
1237 2293 1313 2357 alie-

360 2384 439 2460 nere
453 2393 678 2460 comminatur.
724 2395 823 2460 Unde
843 2401 966 2478 quantu
984 2395 1025 2461 de
1040 2395 1128 2461 vobis
1148 2417 1313 2480 speramus

362 2497 566 2577 confidentia,
588 2518 698 2581 preces
719 2497 953 2562 benevolentiae
971 2505 1086 2564 vestrae
1109 2499 1312 2584 porrigimus,

361 2606 399 2664 ut
421 2600 590 2684 opponatis
611 2622 667 2664 vor
690 2622 821 2664 murum
841 2623 901 2685 pro
922 2601 1019 2666 domo
1040 2601 1152 2679 Israel,
1173 2608 1207 2666 et
1227 2603 1314 2685 regis

360 2703 442 2767 iram
457 2703 646 2788 mitigando,
662 2704 814 2770 abbatem
830 2712 862 2768 et
877 2704 1045 2769 eeclesiam
1058 2707 1160 2790 ipsam
1170 2704 1312 2769 reconoi-

360 2805 439 2870 liare
454 2807 586 2872 domino
605 2807 684 2891 regi,
701 2814 734 2872 et
754 2807 923 2892 negotium
940 2808 1029 2872 istud
1045 2808 1141 2892 juxta
1157 2806 1312 2891 possibili-

359 2916 462 2974 tatem
485 2909 628 2976 eeclesiae
654 2910 830 2974 terminare
851 2908 1018 2974 studeatis.
1063 2911 1106 2974 In
1131 2910 1193 2976 hoo
1217 2909 1314 2993 positi

361 3013 438 3075 estis
462 3032 482 3074 a
503 3011 643 3089 domino,
666 3017 705 3074 ut
726 3031 784 3098 per¹
805 3033 860 3075 vos
884 3011 969 3076 bene
993 3011 1158 3095 provideat
1183 3012 1234 3075 his
1257 3013 1314 3096 qui
1361 3048 1369 3067 ·

359 3114 446 3176 infra
467 3121 554 3188 sunt,
570 3120 603 3176 et
626 3112 712 3194 quod
733 3134 792 3196 per
813 3133 848 3176 se
870 3120 927 3177 aut
949 3133 1006 3195 per
1028 3111 1312 3179 Heredordieusem

360 3213 475 3298 nequit
508 3235 565 3297 per
594 3213 855 3278 Lineolnieusem
889 3214 1035 3279 obtineat
1066 3213 1311 3279 Glooestrensis.

360 3316 415 3380 Ad
434 3315 528 3400 plene
542 3313 768 3398 explicandum
783 3317 936 3380 affectum
949 3323 1093 3381 vestram
1110 3317 1216 3380 multa
1228 3317 1313 3381 foret

250 3401 257 3414 '
303 3490 309 3502 Ι
360 3406 439 3502 opris
453 3417 620 3484 literarum
634 3417 827 3500 prolixitate.
874 3419 939 3482 Sed
958 3419 1079 3502 stylum
1097 3419 1162 3483 duo
1176 3420 1311 3503 compri-

359 3526 465 3599 munt,
481 3521 556 3604 quia
573 3520 699 3604 sapiens
718 3519 852 3585 docetur
865 3521 976 3604 paucis
991 3528 1024 3587 et
1040 3523 1143 3587 emico
1158 3522 1313 3586 suadetur

360 3642 378 3685 e
400 3622 495 3686 facili.
542 3622 593 3686 Sit
607 3621 697 3686 vobis
718 3643 738 3686 a
759 3622 881 3687 dextris
904 3623 1065 3689 Dominus
1082 3625 1177 3688 utin
1198 3623 1259 3689 hoo
1279 3630 1312 3688 et

358 3725 395 3789 in
407 3724 557 3788 omnibus
572 3723 711 3808 gratiam
719 3725 810 3790 vobis
820 3729 998 3810 comparari
1013 3727 1180 3791 studeatis.
1214 3726 1312 3790 Miles

358 3827 508 3891 militavit
526 3827 714 3911 aliquandiu
731 3849 800 3893 non
819 3829 890 3893 Deo
911 3829 967 3893 sed
988 3829 1130 3893 Satanae.
1176 3829 1312 3892 Servivit

358 3949 433 3993 vero
447 3929 729 3994 excommunicatis
740 3931 853 3994 vestris
867 3952 979 3995 mense
993 3931 1131 4014 integro,
1140 3937 1311 4015 postquam

358 4031 442 4115 ipsos
472 4031 766 4096 excommunicatos
795 4053 865 4097 esse
894 4042 1096 4118 cognoverat.
1153 4033 1311 4098 Nolentes

357 4133 467 4218 itaque
489 4133 803 4199 excommunicatum
821 4143 964 4225 vestrum
986 4135 1149 4201 absolvere
1169 4136 1233 4198 nisi
1254 4156 1312 4218 per

357 4260 422 4317 vos,
446 4259 598 4322 rogamus
627 4247 665 4303 ut
695 4238 781 4322 quod
810 4240 847 4303 in
873 4261 948 4303 eum
974 4239 1103 4324 justitia
1131 4238 1310 4318 dictaverit,

357 4340 605 4406 misericorditer
619 4361 713 4426 preee
728 4348 834 4406 vestro
847 4347 1055 4426 temperetur.
