3225 5192
389 649 454 714 ΒΜ
700 665 861 710 ortuum
878 665 1031 711 truscort

434 781 596 868 Quicquid
617 782 653 848 in
674 781 735 848 hoo
756 781 881 848 mundo
906 789 1035 848 constat
1058 803 1127 848 csse
1152 783 1289 862 felicius,
1312 792 1345 848 et

391 887 427 952 in
448 887 559 952 futuro
580 885 796 970 presecutio,
820 885 953 952 sincerae
973 885 1149 970 postulatio
1169 885 1345 952 voluntatis

349 1073 356 1082 .
390 990 509 1056 effectu
537 987 632 1054 debet
664 995 878 1073 prosequente
907 989 1069 1072 compleri,
1098 995 1138 1054 ut
1167 989 1345 1054 devotionis

391 1093 557 1158 sinceritas
571 1091 777 1156 laudabiliter
791 1092 958 1170 enitescat,
973 1099 1007 1157 ct
1021 1113 1073 1156 res
1087 1092 1251 1175 postulato
1264 1092 1346 1154 viros

390 1195 614 1262 indubitanter
633 1201 785 1260 assumat.
832 1193 992 1260 Quocirca
1013 1194 1212 1260 excellentiae
1232 1201 1346 1257 vectrae

393 1299 512 1383 gratias
527 1304 561 1362 ct
576 1298 753 1382 §afiorum
768 1297 921 1362 cotiones.

438 1400 607 1467 Quantum
625 1401 691 1464 mei
710 1399 814 1465 cordia
832 1399 968 1464 affectus
985 1399 1027 1464 dc
1047 1406 1154 1464 venno
1175 1399 1346 1464 dilectione

393 1505 580 1584 delectetiu,
605 1524 666 1570 nec
690 1524 750 1568 vox
780 1523 841 1569 uec
870 1503 1041 1568 scribentis
1066 1503 1209 1568 colamus
1237 1509 1346 1587 potest

382 1609 554 1674 *intimare
599 1606 721 1674 Tamen
743 1614 781 1671 ut
803 1607 909 1672 multo
928 1607 1038 1692 paucio
1060 1606 1262 1684 concludam,
1285 1606 1345 1670 aci·

394 1717 463 1776 tote
482 1731 535 1775 me
555 1731 613 1795 pro
633 1731 725 1794 posse
744 1730 818 1774 meo
832 1717 947 1774 vestroe
960 1729 1086 1794 semper
1098 1709 1260 1774 voluntati
1279 1729 1347 1774 esse

394 1812 578 1878 obnoxium.
620 1812 693 1876 Hoc
707 1811 819 1896 utique
833 1819 939 1876 vestra
952 1812 1102 1896 probabit
1116 1813 1255 1891 dilectio,
1270 1834 1345 1876 cum

394 1915 515 2000 aliquid
530 1937 549 1980 a
563 1936 615 1980 me
630 1915 699 1978 fieri
714 1915 881 1997 optaverit.

445 2225 666 2292 EPISTOLA
689 2228 912 2293 ccxv-rs
927 2248 1103 2292 nrrscoros
1120 2249 1294 2294 unssron-

621 2351 773 2397 n1nusuu
790 2353 831 2396 ur
847 2352 1123 2397 wroonrunusnu.

396 2481 465 2546 Sibi
487 2482 608 2546 ditectio
629 2484 734 2547 electio
749 2483 870 2547 domino
885 2483 1128 2564 Heresordieaai,
1144 2489 1175 2546 et
1193 2482 1345 2565 Wtyomi-

438 2589 512 2664 caci,
520 2584 629 2666 frater
641 2586 679 2649 G.
691 2585 916 2650 Londoniencic
929 2587 1062 2649 eccleaiae
1076 2587 1226 2664 minister,
1237 2586 1347 2647 colotis

435 2689 594 2771 quodiam,
611 2690 683 2751 etei
698 2709 785 2771 quam
793 2695 899 2770 potest
913 2692 947 2752 in
961 2690 1098 2753 Domino
1115 2691 1235 2753 coritae
1253 2690 1346 2774 (affici

439 2813 503 2871 oao,
510 2791 709 2873 famulatum.

439 2943 606 3006 Vssussu
637 2942 755 3006 scimus
783 2963 851 3006 uon
879 2942 981 3006 latere
1015 2941 1231 3026 prudentiam,
1262 2942 1348 3026 quod

396 3045 474 3110 facti
500 3045 614 3128 saepius
639 3044 825 3128 ignorantia
845 3045 928 3129 juris
952 3044 1170 3128 ignoruntium
1196 3045 1290 3129 parit,
1315 3053 1348 3110 et

394 3148 580 3231 frequenter
599 3147 635 3211 in
654 3147 877 3214 controversiis
896 3168 972 3212 cnm
991 3149 1100 3212 minus
1118 3156 1252 3233 apparet
1270 3148 1348 3232 quid

396 3257 505 3315 actum
520 3251 572 3331 sit,
588 3249 667 3334 quid
681 3251 779 3316 etium
800 3259 844 3314 nt
862 3251 1074 3316 statuendum
1087 3272 1155 3316 non
1168 3251 1347 3317 menuctus

392 3353 493 3438 judex
521 3355 629 3420 minus
659 3354 754 3439 plene
781 3355 947 3438 intelligit.
992 3354 1077 3419 Inde
1106 3361 1165 3434 cst,
1191 3355 1278 3439 quod
1305 3355 1347 3418 de

396 3477 492 3520 csuss
507 3478 579 3540 quae
595 3457 681 3521 inter
696 3457 877 3523 Robertum
891 3464 926 3522 et
942 3455 1122 3522 chricum
1144 3458 1187 3522 od
1206 3477 1346 3542 presens

394 3559 540 3638 vertituu,
570 3561 722 3643 praesenti
749 3562 841 3626 vobis
869 3561 988 3645 scripto
1016 3561 1231 3639 notificamus,
1260 3560 1347 3645 quod

394 3659 541 3739 vidimus,
564 3661 651 3745 quod
673 3662 864 3742 audivimus,
887 3664 987 3728 immo
1012 3663 1099 3747 quod
1123 3663 1186 3746 ipsi
1209 3663 1347 3728 formum

394 3765 505 3846 legum
525 3764 628 3828 secuti
649 3771 682 3829 et
704 3785 868 3831 canonum
886 3767 999 3831 multis
1019 3767 1113 3832 nobis
1134 3766 1347 3831 assidentibus

396 3874 429 3931 et
455 3867 679 3950 judicavimus,
709 3875 742 3933 et
767 3869 950 3953 judicatum
977 3869 1159 3936 executioni
1194 3869 1347 3953 legitime

396 3969 549 4035 mandore
586 3971 777 4035 curavimus.
836 3972 1000 4036 chmcto
1028 3994 1169 4056 namque
1198 3973 1347 4051 Biosrdo

397 4075 453 4160 qui
478 4075 514 4138 in
539 4073 672 4140 ecclesia
698 4074 739 4140 de
761 4073 951 4139 Witeberne
980 4076 1085 4140 multo
1106 4077 1178 4159 jum
1201 4083 1347 4160 tempore

395 4178 641 4256 ministraverat,
656 4200 715 4242 nos
734 4178 842 4261 ipsum
861 4199 963 4261 usque
983 4179 1025 4242 ad
1045 4179 1130 4243 diem
1150 4179 1346 4243 decessionis

394 4303 470 4360 suae,
490 4287 697 4364 personatum
712 4281 814 4364 ipsius
828 4281 969 4346 ccclcoioe
990 4281 1150 4359 habuisse,
1166 4303 1290 4366 suoque
1310 4282 1347 4345 in
