3225 5192
296 681 361 725 an.
380 662 577 745 llus-613
629 682 1114 731 nsusroumsusrssrrsroun.
1183 668 1246 731 129

295 824 376 867 mus.
404 802 569 886 Rogamus
584 802 694 886 igitur,
708 811 746 868 ut
761 802 823 868 hac
837 824 893 889 spe
907 801 1131 868 benevolentia
1140 812 1266 894 vestra,

295 905 419 970 facilem
441 927 476 970 se
497 905 590 970 nobis
609 912 739 989 praestet
754 913 787 969 et
805 906 1008 986 exorabilem,
1024 913 1063 970 ut
1079 906 1274 972 dominum·

294 1007 554 1091 wigorniensem
583 1030 604 1073 a
632 1009 854 1093 persecutione
882 1010 1020 1074 fratrum
1052 1017 1247 1089 nostrornm,

169 1196 174 1203 .
295 1111 527 1175 monachorum
542 1110 663 1175 scilicet
677 1111 846 1190 Evesham,
856 1113 1019 1193 revocetis,
1031 1120 1065 1178 et
1078 1113 1150 1197 paci
1163 1114 1249 1177 inter

295 1214 380 1297 ipsos
404 1213 615 1278 reformande
639 1236 770 1298 operam
790 1215 996 1300 impendatis.
1040 1217 1094 1283 Ad
1114 1216 1250 1300 quodsi

297 1336 350 1379 vos
365 1337 475 1399 preces
489 1322 608 1380 nostrae
623 1338 689 1381 uon
706 1311 922 1401 impellerent,
937 1321 1118 1384 reverentia
1138 1326 1250 1383 tamen

297 1416 419 1481 domini
433 1438 524 1501 papae
537 1418 665 1502 jamdiu
682 1421 817 1484 traxisse
832 1428 865 1485 et
878 1420 1070 1509 compulisse
1085 1422 1249 1487 debuerat

297 1521 351 1584 Ad
365 1520 470 1603 ipsum
489 1542 629 1605 namque
649 1523 864 1605 appellatione
881 1525 977 1604 facta,
991 1547 1104 1608 pacem
1122 1547 1252 1589 omnem

296 1631 331 1687 et
345 1625 551 1689 securitatem
566 1624 814 1709 appellatoribus
833 1627 994 1692 observari
1009 1630 1135 1713 justum
1157 1635 1250 1693 esset.

298 1726 491 1791 Audivimus
512 1734 624 1793 tamen
637 1750 658 1792 a
675 1729 787 1793 multis
810 1730 978 1795 dominum
992 1731 1252 1815 Wigorniensem

298 1830 466 1915 praedictos
480 1830 595 1896 fratres
617 1838 788 1915 postquam
810 1833 851 1897 ad
872 1834 1039 1899 dominum
1059 1856 1175 1919 papam
1197 1857 1252 1919 ap·

298 1933 506 2017 pellavcrunt,
533 1954 601 1999 nou
626 1934 730 1997 solum
756 1934 824 2000 suis
847 1935 1014 2002 ordinibus
1039 1934 1252 2019 suspendisse,

300 2038 357 2101 sed
379 2037 421 2100 ad
438 2037 500 2111 hoc
519 2058 649 2121 operam
671 2038 756 2116 dare,
776 2045 815 2103 ut
838 2060 892 2102 eos
916 2039 956 2103 de
978 2038 1173 2103 monasterio
1195 2057 1253 2102 suo

300 2139 416 2223 ejiciat,
433 2146 522 2203 etue
537 2139 704 2203 dominum
719 2162 836 2225 papam
852 2141 939 2205 adire
957 2143 1091 2224 possint,
1107 2142 1254 2206 custodia

298 2241 450 2321 carcerali
461 2237 621 2309 cohibeat.
650 2242 747 2307 Quod
762 2242 789 2307 si
803 2244 924 2322 fecerit,
940 2244 981 2308 de
996 2245 1085 2327 gravi
1100 2244 1136 2308 in
1151 2243 1254 2307 domi-
1363 2280 1369 2291 ·

300 2366 382 2407 uum
410 2366 527 2427 papam
556 2345 687 2423 offensa,
713 2347 858 2410 excusari
881 2369 948 2411 non
973 2347 1101 2430 poterit.
1147 2347 1255 2429 Igitur

301 2446 424 2511 domini
449 2468 539 2530 papae
560 2447 748 2525 reverentia,
774 2449 890 2513 caritas
912 2450 1010 2513 etiam
1031 2450 1163 2514 domino
1185 2448 1255 2513 Wi-

301 2550 465 2633 gornieusi
479 2550 598 2629 debita,
613 2570 722 2634 preces
742 2572 869 2635 quoque
890 2560 1079 2617 nostraene
1093 2559 1255 2630 moveant,

301 2662 339 2717 ut
354 2660 410 2717 aut
425 2654 496 2737 paci
511 2653 585 2717 hinc
599 2654 810 2719 reformandae
825 2655 992 2732 studeatis,
1006 2661 1065 2718 aut
1079 2654 1130 2717 his
1145 2654 1201 2736 qui
1219 2654 1256 2717 in

302 2757 563 2822 archidiaconatu
583 2764 689 2821 vestro
712 2758 753 2821 ad
779 2780 900 2823 nomen
922 2757 1046 2822 domini
1067 2778 1159 2841 papae
1180 2778 1256 2820 con·

301 2860 443 2943 fugiunt,
458 2858 627 2924 consilium
641 2867 785 2924 vestrum
805 2868 840 2926 et
861 2860 1015 2925 auxilium
1033 2882 1100 2924 non
1119 2861 1255 2943 negetis,

303 2984 363 3027 nec
377 2984 430 3026 eos
446 2983 545 3026 manu
561 2984 761 3047 quacumque
776 2963 859 3027 laica
873 2962 999 3028 extrahi
1020 2968 1054 3027 et
1076 2962 1184 3045 affligi,
1201 2970 1257 3026 aut

303 3090 376 3154 quae
390 3090 502 3133 eorum
512 3076 591 3133 sunt
607 3068 742 3133 distrahi
757 3068 963 3153 permittatis.
1008 3068 1111 3133 Vobis
1132 3068 1202 3131 hacc
1219 3088 1259 3132 cx

304 3172 437 3237 caritate
456 3171 635 3249 scribimus,
651 3193 694 3236 ne
708 3172 966 3236 consentientem
980 3193 1053 3236 cum
1070 3179 1187 3256 agente
1201 3193 1260 3255 par

302 3277 412 3339 resbrs
432 3273 583 3338 involvat.
628 3273 814 3337 Consensus
835 3272 924 3337 enim
946 3279 995 3338 est
1017 3294 1086 3339 non
1110 3274 1259 3338 resistere

305 3399 405 3462 quum
421 3378 522 3461 possis
537 3382 594 3441 aut
610 3376 735 3441 debeas.
782 3376 858 3443 Qua
876 3378 912 3439 in
933 3397 969 3441 rc
990 3376 1162 3441 manifesta
1183 3398 1260 3440 con-

306 3480 405 3544 clusio
419 3478 509 3543 robis
524 3485 581 3544 aut
594 3498 789 3543 consensum
803 3479 934 3562 ingerit,
948 3487 1007 3543 aut
1024 3479 1191 3543 monachis
1206 3479 1261 3543 de-

306 3582 494 3648 fensionem.
539 3580 692 3645 Valetc.·
