3225 5192
394 678 459 748 110
708 692 866 737 arcanam
884 690 1037 735 rrsscors

393 818 477 883 lecte
500 823 602 901 pater,
626 814 706 879 mihi
729 813 840 878 literas
862 818 983 877 vestras
1012 831 1081 875 non
1105 812 1229 895 negari,
1252 817 1286 875 et
1315 812 1352 875 in

394 922 502 1005 aliquo
526 921 727 985 voluntatem
752 923 892 981 vestram
914 922 949 980 et
970 921 1102 994 statum,
1125 922 1159 979 et
1181 914 1352 979 consilium

395 1024 520 1109 aperiri.
565 1023 682 1086 Valere
696 1042 752 1086 vos
769 1027 919 1104 optamus
938 1019 974 1083 in
988 1020 1141 1097 Domino,
1156 1025 1190 1083 et
1210 1018 1273 1102 ipsi
1294 1038 1352 1102 per

395 1128 505 1193 omnia
519 1127 726 1210 complacere.

439 1454 661 1519 EPIS'POLA
683 1452 962 1518 LXXXIV-an
978 1470 1162 1515 anonurnu
1178 1470 1305 1515 rursu.

398 1610 493 1673 Pata
514 1629 569 1673 auo
591 1614 621 1673 et
644 1608 775 1685 domino,
791 1612 907 1671 summo
921 1607 983 1669 Dei
994 1606 1104 1688 araia
1114 1604 1268 1687 potatifioi,
1284 1606 1350 1669 Eu-

437 1713 539 1795 peua’o,
568 1714 606 1775 G.
631 1710 880 1791 Heresordr'enar'a
908 1710 1040 1773 ecclesia
1068 1709 1219 1787 minister,
1249 1709 1351 1773 obadi-

441 1816 557 1879 entiam
571 1814 715 1877 humilem
729 1819 759 1878 et
774 1813 910 1877 debitam
918 1813 1011 1894 putri
1025 1813 1198 1875 cantatas

443 1969 550 2036 Qunu
573 1967 723 2053 parvitati
743 1973 873 2045 nostrae,
889 1948 1004 2029 dilecte
1024 1972 1126 2049 pater,
1141 1965 1275 2029 ecclesia
1289 1966 1352 2030 Dei

399 2074 506 2157 aliqua
528 2072 578 2136 sui
599 2071 755 2155 portione,
772 2070 914 2134 Domino
936 2070 982 2133 sic
1003 2075 1166 2152 operante,
1182 2070 1353 2133 commissa

398 2178 450 2255 sit,
475 2174 618 2259 ejusdem
641 2174 805 2258 providere
832 2179 866 2237 et
894 2172 1060 2255 invigilare
1086 2172 1261 2236 commodis
1282 2173 1353 2255 ipsa

398 2273 493 2338 nobis
523 2296 542 2337 a
567 2273 709 2336 Domino
739 2292 777 2335 eo
802 2270 925 2335 credita
953 2271 1149 2354 dispensatio
1177 2272 1351 2354 compellit.

400 2376 561 2442 Quoniam
575 2396 650 2439 vero
673 2397 744 2459 quae
766 2380 956 2438 statuuntur
977 2394 997 2438 a
1018 2374 1121 2451 nobis,
1142 2374 1204 2437 nisi
1226 2381 1352 2457 aposto-

399 2480 461 2544 lica
486 2478 678 2544 auctoritate
706 2477 891 2553 fulciantur,
917 2477 1026 2541 minus
1048 2478 1143 2540 firma
1165 2485 1251 2555 sunt,
1276 2477 1351 2541 sub-

399 2582 531 2647 limitati
551 2588 665 2647 vestrae
687 2602 797 2665 preces
820 2580 936 2645 humili
958 2580 1126 2644 devotione
1147 2580 1350 2663 porrigimus,

401 2692 438 2751 ut
454 2686 538 2770 quod
555 2684 596 2749 ad
609 2685 766 2750 honorem
781 2684 845 2748 Dei
859 2691 894 2748 et
908 2684 1032 2748 cultum
1047 2684 1117 2768 ejus
1132 2683 1352 2767 ampliandum

402 2789 443 2854 de
467 2788 599 2855 ecclesia
624 2788 908 2853 sancti'Gruthlaci
931 2787 974 2850 de
998 2786 1190 2851 Herefordia
1216 2786 1351 2850 anobis

402 2899 511 2957 aetum
531 2899 590 2969 est,
612 2891 673 2955 hoc
697 2890 872 2955 auctoritas
890 2896 996 2954 vestra
1015 2890 1207 2967 corroboret,
1230 2910 1351 2972 suoque

402 2991 570 3059 confirmet
584 2993 759 3077 privilegio.
803 2992 980 3057 Ecclesiam
991 2993 1079 3055 enim
1092 2994 1182 3055 illam
1197 2991 1237 3055 de
1251 3014 1353 3056 manu

399 3097 481 3160 laica
495 3096 600 3160 multo
613 3094 746 3159 tandem
761 3094 869 3159 labore
884 3094 1036 3171 eruimus,
1052 3102 1085 3158 et
1100 3096 1175 3177 quia
1189 3096 1225 3157 in
1239 3095 1352 3159 eadem

402 3199 509 3261 minus
538 3197 675 3261 officiose
698 3196 841 3259 Domino
870 3196 1076 3273 serviebatur,
1102 3198 1205 3279 ipsam
1235 3198 1354 3261 dilecto

400 3302 467 3365 lilio
488 3306 599 3365 nostro
621 3299 803 3379 Hamelino,
820 3298 930 3364 abbati
945 3300 1142 3378 Glocestriae,
1158 3306 1192 3363 et
1212 3302 1354 3367 eeclesia

371 3388 504 3470 ‘sancti
527 3404 626 3481 Petri,
646 3404 699 3468 cui
722 3402 809 3468 idem
832 3424 967 3488 praeesse
990 3403 1200 3486 dignoscitur,
1218 3423 1366 3494 assensu⁸

400 3507 588 3570 clericorum
603 3506 746 3589 ejusdem
762 3500 912 3585 ecclesiae,
924 3507 1065 3591 capitulo
1079 3508 1177 3571 etiam
1192 3514 1304 3571 nostro
1317 3507 1353 3571 id

400 3609 623 3673 consentiente
645 3616 679 3673 et
701 3608 838 3687 volente,
859 3608 1083 3685 concessimus,
1103 3614 1136 3671 et
1161 3615 1229 3671 tam
1250 3608 1352 3691 ipsam

402 3733 499 3795 quam
513 3712 679 3776 ecclesiam
694 3711 798 3775 sancti
813 3712 902 3776 Petri
922 3712 962 3776 de
982 3710 1182 3790 Herefordia,
1197 3710 1254 3774 diu
1275 3718 1352 3775 ante

401 3814 594 3898 apraedictis
609 3815 773 3879 monachis
789 3814 944 3893 habitam,
959 3816 993 3878 in
1014 3836 1129 3897 corpus
1147 3836 1251 3878 unum
1273 3813 1351 3877 adu·
1437 3807 1446 3817 ’

400 3938 479 3981 nare
501 3918 691 3996 curavimus,
712 3926 746 3982 et
764 3926 960 3982 conventum
980 3918 1210 3982 monachorum
1231 3917 1352 3982 ibidem

401 4020 514 4085 devote
542 4020 796 4085 ministrantium
822 4022 973 4099 Domino,
1000 4022 1135 4105 jamjam
1163 4020 1352 4085 instauravi·

401 4145 484 4186 mus.
514 4122 611 4188 Quod
626 4124 702 4207 quia
715 4124 858 4187 Domino
872 4124 1032 4188 credimus
1047 4124 1181 4206 placere,
1197 4123 1352 4188 audemus

402 4225 567 4290 serenitati
586 4233 698 4290 vestrae
721 4227 907 4311 supplicare,
927 4234 965 4290 ut
983 4225 1070 4310 quod
1092 4248 1112 4289 a
1134 4227 1226 4292 nobis
1245 4228 1352 4290 inten-

402 4332 490 4395 tione
515 4338 604 4395 recta
626 4337 734 4395 actum
757 4338 817 4409 est,
840 4331 970 4413 soloque
991 4330 1120 4413 pietatis
1139 4330 1271 4408 intuitu,
1292 4330 1353 4394 hoc
