3225 5192
265 732 335 777 ω.
353 709 550 793 1148-61.]
602 729 1092 776 unuuronnrnusrsrrraroun.
1156 715 1220 779 173

265 848 476 932 gratulamur,
492 852 525 911 et
539 867 594 911 vos
609 847 827 931 apostolorum
841 847 955 911 limina
968 848 1122 929 visitasse,
1132 871 1219 914 sum·

265 972 383 1035 meque
396 949 540 1035 pontifici
555 957 589 1014 et
606 949 703 1014 curiae
721 956 842 1014 sanetae
861 951 1001 1034 gratiose
1021 952 1170 1031 astitisse,
1186 961 1220 1019 et

265 1054 349 1119 bene
359 1052 589 1118 consummatis
604 1053 743 1135 negotiis
755 1052 888 1118 domum
899 1075 1058 1118 remeasse
1071 1055 1218 1135 feliciter,

266 1156 366 1221 animi
381 1157 536 1240 applausu
550 1156 667 1220 intimo
683 1154 871 1239 gaudemus.
902 1156 1001 1221 Unde
1014 1178 1090 1221 cnm
1103 1165 1220 1242 rogatu

267 1257 469 1343 quorundam
486 1258 646 1322 scribendi
656 1257 746 1322 vobis
762 1279 795 1323 sc
810 1266 975 1341 praestaret
990 1261 1122 1339 occasio,
1130 1261 1219 1327 vobis

266 1362 367 1427 animi
382 1361 584 1426 affectionem
598 1362 701 1424 nostri
716 1359 896 1443 significare
908 1360 1043 1443 dignum
1058 1362 1219 1443 duximus,

266 1464 419 1549 quatinus
434 1464 461 1527 si
482 1463 560 1547 quid
579 1484 657 1546 erga
677 1484 736 1526 nos
752 1468 866 1526 vestrae
888 1464 1118 1546 complacuerit
1139 1466 1218 1530 cari-

266 1567 329 1631 tati
337 1568 410 1632 bon
424 1566 656 1649 supplicatione
670 1571 792 1644 utatur,
804 1572 862 1629 ant
876 1586 986 1649 preces
999 1567 1153 1651 porrigat,
1162 1568 1219 1633 sed

266 1668 303 1731 in
328 1668 421 1732 amici
446 1674 554 1751 partes
580 1688 615 1731 se
639 1673 791 1750 potenter
814 1668 1002 1748 extendens,
1028 1690 1087 1734 suo
1111 1672 1219 1756 potius

239 1770 249 1787 ‘
267 1779 380 1837 utatur
392 1771 536 1855 imperio,
550 1792 647 1855 quam
662 1770 865 1854 aliquatenus
880 1773 982 1855 precis
996 1771 1113 1839 oblatoe
1126 1773 1218 1840 blan-

268 1876 376 1941 diatur
390 1875 502 1940 officio.
550 1874 639 1939 Hinc
655 1894 782 1958 quoque
800 1895 889 1957 spem
905 1874 1099 1960 impetrandi
1112 1878 1219 1943 conei-

267 1979 383 2063 pimus,
400 1978 427 2041 si
441 1977 636 2061 benignitati
645 1986 757 2041 vestrae
773 1984 920 2041 nostrum
935 1984 992 2042 ant
1007 1980 1102 2043 amici
1115 1984 1220 2046 nostri

268 2081 461 2145 desiderium
477 2102 683 2165 exponamus.
716 2081 776 2143 Est
792 2087 902 2144 autem
917 2081 1003 2165 apud
1017 2104 1072 2147 vos
1088 2084 1218 2165 quidam

267 2185 431 2249 familiaris
455 2192 573 2263 noster,
588 2185 706 2248 Petrus
720 2184 868 2248 videlicet
888 2184 1021 2249 clericus
1044 2187 1164 2270 Rogeri
1179 2188 1219 2253 de

267 2287 399 2367 Mand',
423 2309 518 2371 quem
542 2287 674 2351 tuitioni
695 2292 810 2351 vestrae
832 2293 867 2351 et
891 2289 1071 2371 patrocinio
1093 2289 1220 2355 devotio
1268 2361 1271 2365 ,

268 2398 379 2455 nostra
393 2390 607 2468 commendat,
620 2389 812 2473 supplicans,
827 2398 866 2453 ut
880 2390 1106 2455 liberalitatem
1121 2414 1218 2475 quam

267 2492 304 2556 in
318 2514 393 2557 cum
409 2493 558 2557 dominus
573 2514 650 2557 suus
665 2492 699 2556 in
715 2492 855 2557 ecclesiis
867 2492 1059 2576 quibusdam
1074 2494 1219 2559 conferre

268 2596 435 2680 disposuit,
451 2596 642 2661 auctoritate
656 2604 763 2659 vestra
780 2601 937 2678 quantum
956 2596 1123 2679 permittet
1135 2598 1219 2663 ratio

268 2699 445 2764 stabiliatis.
466 2699 629 2764 Quetinus
640 2698 745 2781 ipsum
758 2698 886 2761 servitio
897 2718 1023 2781 semper
1033 2698 1218 2779 obnoxium,

268 2808 301 2866 et
315 2823 374 2867 nos
390 2801 501 2885 gratiae
516 2801 676 2866 debitores
690 2800 844 2865 habeatis
889 2800 1016 2865 Valete.

285 3106 507 3171 EPISTOLA
529 3107 815 3172 CXXXIIL—-sn
832 3128 1014 3171 nrcsauurr
1031 3126 1199 3171 cornoru-

581 3228 694 3272 nusum
711 3230 910 3273 rrrscorun.

271 3360 444 3424 Venerabili
459 3360 580 3423 domim
597 3358 762 3441 fratrique
781 3362 941 3424 carissimo
955 3360 995 3423 R.
1011 3360 1218 3425 Londouienei

309 3464 370 3527 Dei
381 3464 488 3546 pratia
499 3466 649 3546 episcopo,
656 3462 764 3544 frater
782 3465 820 3527 G.
829 3462 1078 3545 Heresordieuris
1086 3466 1218 3529 ecclesie

309 3568 458 3645 minister,
474 3568 604 3631 sultam
618 3574 649 3630 et
664 3568 865 3631 dilectionem.

310 3718 362 3781 Da
393 3700 524 3802 negotio
549 3725 655 3782 vestro
684 3717 765 3781 mihi
791 3739 857 3781 non
888 3718 929 3781 ad
958 3738 1100 3802 presens
1129 3718 1217 3781 aliud

263 3822 415 3898 occurrit,
438 3822 500 3885 nisi
522 3828 561 3885 ut
587 3820 614 3884 si
638 3820 775 3885 honesta
798 3842 833 3884 se
856 3819 1010 3885 obtulerit
1031 3822 1216 3901 transactio,

267 3930 371 3987 stetur
392 3923 449 3987 illi.
502 3925 552 3988 'lu
581 3930 701 4001 autem,
731 3923 930 4006 propositum
958 3924 1022 3988 iter
1048 3924 1216 4008 arripiatis,

267 4032 299 4089 et
322 4024 525 4091 adversantes
539 4028 628 4091 vobis
651 4027 686 4089 in
708 4048 822 4110 cumpo
843 4027 976 4106 Martio,
996 4029 1131 4111 juvante
1150 4029 1216 4093 Do-

264 4128 363 4205 mino,
380 4149 481 4193 cornu
493 4128 627 4211 justitiae
642 4129 813 4193 ventiletis.
838 4129 1025 4193 lividorum
1039 4130 1215 4193 latratuum

267 4227 390 4314 Scyllas
418 4229 561 4315 undiquc
587 4239 792 4315 erumpentes
819 4234 978 4312 audimus,
1005 4232 1109 4297 omnis
1138 4252 1216 4295 aura

266 4332 369 4396 sancti
384 4333 514 4415 spiritus
529 4334 627 4397 flante
642 4354 791 4417 prospere
805 4335 1026 4417 enavigabitis.
1060 4333 1095 4395 Si
1109 4352 1216 4395 neces-
