3225 5192
380 704 423 767 68
623 722 782 767 ortanam
801 722 921 767 remor
937 721 1083 767 nsasrrs

380 840 438 905 tris
461 846 494 905 et
516 839 692 919 domini,si
713 840 874 924 quomodo
893 840 1027 904 tandem
1047 840 1211 924 aperiatur
1232 838 1335 917 nobis,

379 952 413 1009 et
437 943 587 1008 audiatur
608 944 728 1009 clamor
749 950 860 1007 noster
881 944 919 1007 in
940 943 1075 1021 intimis,
1098 942 1156 1006 ubi
1179 943 1216 1005 in
1238 941 1337 1006 cubili

380 1046 584 1111 conscientioe
597 1047 692 1112 bona
707 1047 831 1111 amicus
845 1046 932 1110 idem
953 1053 986 1111 et
1004 1046 1155 1111 dominus
1170 1067 1245 1110 cum
1259 1066 1336 1129 pue-

380 1150 424 1213 ris
439 1150 515 1230 suis,
531 1150 587 1233 qui
602 1157 679 1214 sunt
694 1150 853 1234 purificati
869 1152 938 1233 jam
956 1150 1057 1213 animi
1075 1150 1255 1213 delectatur
1269 1150 1336 1231 opi·

380 1252 425 1316 mi
447 1254 628 1337 requiescit.
676 1255 849 1336 Speremus
870 1253 958 1317 enim
981 1252 1066 1335 quod
1088 1253 1123 1316 in
1146 1252 1335 1316 necessitate

378 1357 557 1420 recurrenti
580 1355 621 1420 ad
644 1377 709 1434 vos,
733 1376 793 1420 nec
817 1377 876 1439 pro
898 1376 982 1438 pane
1003 1355 1153 1439 lapidem,
1176 1356 1264 1438 quod
1286 1362 1336 1419 est

379 1458 508 1541 repulsa
522 1458 701 1537 durissima,
714 1479 774 1522 nec
788 1478 847 1541 pro
861 1458 947 1541 pisce
963 1467 1145 1540 serpentem
1160 1480 1233 1541 quac
1246 1457 1335 1522 labo·

380 1562 465 1625 riosa
479 1568 538 1640 cst,
555 1568 588 1625 et
607 1562 643 1625 in
662 1561 736 1625 dolo
756 1561 940 1645 protractio,
961 1582 1022 1624 nec
1041 1580 1099 1643 pro
1119 1582 1178 1623 ovo
1197 1561 1336 1644 scorpio·

380 1664 431 1728 nis
445 1664 619 1729 novissima
631 1664 811 1750 porrigetis.
857 1664 1001 1747 Dignum
1018 1670 1067 1727 est
1082 1685 1100 1727 e
1114 1685 1215 1727 manu
1229 1663 1335 1747 ponti-

378 1768 447 1833 ficis
470 1768 532 1832 alia
553 1768 649 1850 longe
672 1767 824 1831 donativa
844 1766 1073 1851 splendescere.
1120 1766 1334 1832 Quorundam

380 1870 482 1953 gloria
501 1878 560 1949 est,
577 1870 632 1935 red
652 1892 718 1935 non
740 1870 826 1954 apnd
846 1870 963 1945 Deum,
979 1871 1170 1934 miserorum
1190 1869 1262 1953 plus
1281 1870 1335 1933 lar-

379 1974 443 2039 tari
458 1994 533 2038 casu
549 1994 645 2057 quum
662 1973 701 2039 de
715 1973 824 2038 reditu
838 1974 978 2056 gloriari.
1022 1973 1136 2056 Longe
1150 1980 1263 2037 monet
1278 1972 1336 2036 ali·

380 2084 440 2155 ter,
467 2076 522 2160 qui
546 2076 696 2141 redeunti
720 2077 756 2141 in
784 2076 949 2160 amplexus
974 2076 1123 2140 occurrit.
1169 2076 1335 2159 Rogamus

379 2180 489 2264 itaque
505 2180 708 2245 dilectissime
727 2180 763 2244 in
778 2180 930 2257 Domino,
946 2187 984 2244 ut
1003 2180 1195 2264 injuriarum
1215 2179 1334 2263 paulis·

379 2304 438 2368 per
459 2284 628 2347 immemor
650 2283 692 2348 ad
715 2304 748 2347 se
771 2284 883 2349 redeat
904 2283 959 2347 ille
980 2290 1084 2347 vester
1104 2283 1140 2347 in
1161 2283 1253 2346 nullo
1273 2304 1334 2346 un-

382 2408 478 2470 quam
494 2386 633 2470 degener
648 2387 788 2471 sanguis,
805 2394 839 2452 et
853 2409 887 2452 se
901 2394 973 2451 tum
988 2386 1119 2450 demum
1133 2387 1254 2450 victum
1276 2408 1334 2450 aes·

356 2480 484 2569 timet,
510 2476 610 2573 quum
635 2489 696 2554 sibi
718 2492 787 2575 jam
814 2490 1013 2575 supplicatur
1036 2512 1057 2553 a
1079 2490 1181 2554 rictis.
1228 2489 1335 2554 Quem

380 2594 588 2677 persequeris,
611 2614 668 2658 rex
690 2595 801 2673 Israel,
825 2616 921 2678 quem
942 2594 1167 2677 persequeris?
1211 2593 1334 2657 Canem

380 2684 545 2761 niortuum
562 2704 594 2761 et
609 2698 748 2781 pulicem
765 2698 879 2761 vivam.
925 2697 960 2760 Si
975 2696 1016 2760 de
1030 2695 1180 2760 libertate
1194 2696 1335 2759 ecclesie

381 2822 452 2883 quae
470 2808 581 2865 sancta
600 2808 677 2865 sunt
697 2802 732 2864 in
753 2800 849 2865 corde
863 2807 969 2864 vestro
984 2799 1162 2884 disponitis,
1178 2799 1206 2862 si
1219 2799 1335 2862 fratres

381 2910 414 2967 et
434 2902 634 2988 coepiscopos
657 2912 783 2967 nostros
797 2903 833 2965 in
848 2902 988 2966 ecclesiis
1008 2901 1048 2965 de
1062 2924 1160 2965 manu
1180 2902 1335 2965 laicorum

381 3005 536 3083 emendis,
552 3012 589 3068 ut
611 3025 671 3069 nec
695 3005 740 3068 eis
764 3026 914 3088 personas
933 3010 1127 3088 praesentare
1146 3005 1251 3082 liceat,
1267 3025 1334 3067 om·

381 3128 439 3171 nes
462 3106 586 3170 anteire
607 3106 794 3189 proponitis,
810 3112 917 3169 totum
938 3104 1001 3169 hoc
1021 3104 1151 3187 quidem
1173 3106 1335 3170 laudabile

381 3215 439 3286 est,
451 3216 489 3273 ut
504 3208 616 3291 religio
631 3228 756 3292 semper
771 3208 945 3273 collocetur
958 3208 995 3271 in
1010 3229 1145 3286 summo,
1158 3208 1214 3272 sed
1226 3230 1336 3292 qnaeso

379 3312 544 3373 non‘tam
574 3330 684 3392 aspere
712 3309 832 3393 requiri
856 3332 876 3373 a
898 3309 1041 3374 minimis
1071 3310 1157 3394 quod
1187 3311 1334 3375 nondum

381 3417 561 3476 attentatur
575 3410 610 3474 iu
626 3412 768 3475 summis.
802 3412 899 3476 Scitis
914 3413 1065 3497 equidem
1079 3434 1177 3497 quam
1192 3414 1235 3478 sit
1249 3414 1333 3498 peri-

381 3516 491 3579 culosa
505 3514 693 3599 desperatio.
718 3516 806 3581 Quid
822 3517 850 3580 si
863 3516 1074 3582 immoderate
1088 3525 1334 3601 persequentem

380 3617 553 3683 Asuhelem
575 3619 687 3683 lancea
709 3618 824 3684 Abner
845 3621 1028 3704 exceperit?
1074 3621 1200 3700 Videte,
1226 3642 1269 3685 ne
1294 3620 1335 3685 de

380 3742 481 3784 manu
496 3729 601 3784 vestra
620 3722 751 3804 sanguis
772 3722 941 3805 utriusque
956 3721 1146 3804 requiratur.
1191 3722 1334 3786 Consue-

380 3822 512 3902 tudinis,
527 3846 669 3907 ususque
690 3824 828 3906 longaevi
848 3846 916 3889 non
937 3825 1009 3888 vilis
1030 3832 1080 3888 est
1102 3824 1285 3904 auctoritas,
1300 3832 1335 3888 et

382 3927 437 3992 nbi
459 3948 525 3991 non
548 3934 699 4010 peccatur
720 3928 756 3989 in
779 3928 896 4005 Deum,
912 3927 1078 3991 tolerabile
1093 3935 1152 4006 est,
1167 3936 1205 3991 ut
1220 3928 1334 3992 radici·

379 4030 442 4095 bus
457 4031 522 4093 suis
537 4032 712 4113 antiquitas
728 4031 918 4094 inconcussa
938 4038 1136 4113 permaneat.
1183 4031 1219 4093 Si
1240 4032 1334 4095 nobis

379 4132 566 4216 indulgetis,
583 4133 667 4215 quod
689 4153 800 4196 omnes
821 4133 1022 4216 coepiscopos
1039 4142 1160 4197 vestros
1181 4134 1246 4196 suis
1267 4156 1334 4197 om·

379 4235 476 4300 nibus
495 4236 664 4318 indulgere
686 4235 889 4299 notissimum
910 4244 969 4314 est,
989 4236 1059 4318 quis
1078 4257 1224 4319 unquam
1243 4235 1334 4301 obse·

381 4358 444 4418 cro,
461 4338 701 4422 reprehendet?
748 4337 822 4403 Scio
837 4338 923 4422 apud
942 4360 1038 4421 quem
1057 4339 1139 4402 mihi
1154 4360 1259 4403 sermo
1273 4348 1333 4417 est,
