3225 5192
401 645 466 710 aot
708 659 870 704 crassari
888 658 1039 702 rrrsoorr

402 799 570 866 possumus
592 777 685 844 nobis
710 777 822 844 docem
841 797 908 841 non
932 796 1111 859 possumus,
1136 781 1170 838 et
1194 773 1221 837 si
1244 772 1358 856 ooeptis

402 893 489 950 sture
510 881 717 961 contenditis,
740 901 853 947 omnes
874 901 935 944 noe
958 887 991 943 et
1013 886 1140 943 nostros
1164 877 1207 941 ad
1229 877 1358 962 propul-

402 987 537 1052 sandam
551 1007 610 1071 pro
624 985 745 1050 viribus
760 984 913 1067 injuriam
931 983 1059 1048 fortiter
1073 981 1246 1046 exacuetis.
1291 980 1358 1044 Va-

402 1091 469 1156 lere
483 1111 539 1156 vos
553 1097 587 1155 et
602 1087 696 1154 nobis
710 1089 745 1152 in
761 1086 968 1153 tribulatione
989 1106 1120 1171 parcere
1139 1084 1359 1150 desideramus

405 1215 569 1260 cansnmr.

446 1497 667 1564 EPIS'lOLA
689 1495 980 1562 cauma-sn
997 1515 1182 1559 nnuaroore
1199 1514 1327 1558 rroru.

411 1651 542 1714 Domino
557 1668 612 1712 suo
627 1648 787 1712 corisoim
809 1647 925 1711 illustri
939 1647 1110 1729 duplorum
1124 1648 1192 1730 νομί
1206 1645 1249 1709 H.
1257 1645 1366 1726 freter

458 1755 496 1818 G.
512 1751 735 1816 Londonieasis
749 1751 882 1814 ecclesio
896 1752 1047 1829 minister,
1062 1751 1192 1813 satutem
1207 1770 1272 1832 prm
1286 1769 1367 1812 oreae

457 1861 512 1934 eat,
529 1860 559 1920 et
573 1875 665 1938 qrtom
678 1873 836 1936 speramus
851 1874 871 1916 o
886 1853 1028 1918 Domino.

457 2007 595 2070 Vrsras
627 2027 694 2084 nos,
725 2005 865 2083 domine,
895 2005 1024 2069 fovente
1052 2005 1234 2088 praesentia,
1263 2003 1369 2066 omnis

413 2131 433 2174 a
462 2108 554 2178 nubis
584 2110 649 2174 alte
674 2109 859 2193 conquievit
885 2107 1014 2192 injuria.
1058 2109 1099 2172 In
1123 2107 1273 2172 abscessu
1295 2129 1369 2170 vero

414 2218 519 2276 vestro
541 2212 628 2294 pacis
647 2218 766 2274 nostrae
789 2210 1023 2276 detrimentum
1041 2211 1139 2276 illatis
1158 2212 1232 2276 ilico
1247 2210 1370 2295 experi-

414 2314 481 2379 turi
510 2334 631 2377 sumus.
676 2312 777 2378 Novit
806 2313 895 2378 enim
923 2315 1113 2379 excellentia
1142 2323 1257 2394 vestra,
1283 2312 1370 2398 quod

415 2439 490 2482 cam
515 2413 744 2481 Herelbrdensi
765 2415 873 2481 adbuc
895 2416 1127 2482 deserviremus
1150 2418 1301 2497 ecclesiae,
1321 2439 1369 2481 es·

416 2527 503 2584 sarta
517 2519 664 2604 quaedam
679 2519 869 2584 Malverniae
886 2520 928 2584 ad
944 2541 1097 2585 coronam
1112 2529 1250 2586 vestrm
1272 2521 1370 2604 perti-

417 2625 539 2702 nentia,
560 2622 654 2687 nobis
678 2622 900 2688 munificentia
922 2624 1012 2706 regia
1034 2631 1067 2688 et
1090 2622 1283 2689 liberalitate
1305 2624 1374 2688 sola

418 2725 629 2790 concessistis.
674 2725 737 2789 Illa
756 2745 831 2790 vero
850 2733 989 2809 quatuor
1008 2726 1220 2792 servientibus
1242 2726 1374 2804 nostris,

419 2828 525 2912 quiin
539 2827 639 2911 ipsius
659 2829 800 2893 ecclesiae
821 2828 960 2911 negotiis
979 2828 1146 2894 nobiscnm
1165 2829 1302 2894 fideliter
1317 2830 1376 2894 ali-

421 2929 576 3014 quamdiu
597 2926 830 3009 laboraverant,
845 2930 938 2994 tenui
958 2931 1089 3014 quidem
1111 2933 1232 2997 servitii
1253 2934 1305 2997 sui
1326 2954 1377 2998 re-

298 3076 307 3097 .
421 3033 645 3098 muneratione
661 3032 859 3112 donavimus,
875 3041 909 3098 et
924 3043 1067 3100 vestrum
1081 3037 1116 3100 in
1131 3033 1193 3101 hoo
1208 3057 1376 3102 assensum

421 3146 455 3202 et
484 3137 762 3204 confirmationem
794 3160 815 3202 a
848 3138 954 3221 gratia
981 3147 1087 3204 vestra
1123 3139 1376 3224 impetravimus.

422 3237 624 3302 Venerabilis
650 3259 724 3303 vero
747 3239 848 3304 frater
872 3249 984 3307 noster
1008 3242 1158 3308 dominus
1188 3245 1376 3310 Herel'ordi-

422 3341 507 3406 ensis
522 3341 698 3426 episcopus,
714 3351 786 3426 post
802 3352 944 3408 vestrum
958 3346 1069 3410 statim
1089 3347 1274 3428 transitum,
1290 3348 1376 3432 ipsos

423 3443 545 3509 eisdem
574 3445 838 3528 possessiunculis
867 3449 1000 3532 expulit,
1025 3457 1058 3514 et
1083 3451 1258 3534 requisitus
1283 3474 1379 3535 super

415 3547 495 3622 ·hoc,
518 3569 578 3610 nec
600 3547 720 3614 chartae
741 3557 855 3614 vestrae
875 3553 1065 3633 reverentia,
1080 3575 1140 3619 nec
1160 3577 1255 3638 prece
1269 3565 1381 3620 nostra

423 3656 530 3712 motus
546 3648 581 3710 in
595 3649 710 3732 aliqua,
726 3651 761 3713 in
777 3654 928 3718 omuibus
947 3677 1017 3720 sose
1036 3657 1129 3722 nobis
1149 3658 1379 3723 inexorabilem

423 3749 580 3815 exhibuit.
627 3751 709 3816 Inde
725 3761 773 3818 est
790 3756 876 3838 quod
891 3758 933 3822 ad
948 3767 1027 3824 nota
1040 3761 1188 3844 presidia
1201 3762 1383 3826 clementiae

418 3861 538 3918 vestrae
546 3860 759 3936 recurrentes,
768 3856 885 3923 humili
898 3859 1016 3945 [vobis]
1027 3863 1243 3947 supplicamus
1252 3864 1381 3942 affectu,

425 3958 578 4042 quatinus
593 3959 709 4024 collata
728 3961 822 4026 nobis
836 3969 887 4028 tot
902 3963 997 4043 bona,
1014 3966 1075 4030 bac
1090 3966 1199 4045 etiam,
1214 3969 1242 4032 si
1265 3969 1381 4051 placet,

426 4062 531 4146 gratia
546 4063 726 4128 cumuletis.
770 4066 973 4132 Willelmum
989 4070 1091 4150 Folet,
1106 4071 1142 4134 in
1162 4093 1260 4154 quem
1280 4072 1383 4135 modi-

426 4187 498 4230 cam
513 4164 720 4232 douationem
740 4171 948 4250 contulimus,
963 4173 1063 4237 etiam
1084 4173 1188 4239 dictos
1208 4175 1383 4239 servientes

427 4275 554 4334 nostros
577 4269 627 4335 his
655 4271 771 4356 quibus
796 4281 871 4357 post
897 4275 1072 4342 transitum
1095 4286 1237 4344 vostrum
1264 4279 1386 4362 absque
