3225 5192
274 682 558 770 n.n.1161-89.]
605 703 844 748 nounournusrs
858 705 1033 750 urrerem.
1161 691 1225 756 279

274 819 443 903 gloriosius
457 819 602 884 exaltari.
647 821 756 904 Atque
776 820 813 886 in
826 821 877 885 bis
891 821 1018 886 utinam
1032 821 1225 888 humilitatis

274 922 392 986 finibus
410 945 461 987 res
481 923 552 1006 ipse
570 931 641 988 tota
658 924 838 1003 resedisset,
853 932 977 988 etcum
996 945 1016 988 a
1034 925 1124 989 robis
1139 948 1225 1010 quae·

273 1026 348 1089 dam
369 1026 479 1090 debite
499 1034 678 1110 reposceret
698 1027 859 1092 Dominus
878 1035 990 1093 noster
1008 1049 1075 1107 rex,
1089 1050 1164 1094 cum
1185 1030 1226 1094 de

274 1149 401 1192 summa
415 1130 559 1213 pecuuiae
574 1152 671 1212 quam
686 1130 722 1194 iu
736 1153 838 1195 manu
851 1138 1007 1196 vestraex
1018 1131 1147 1196 caducis
1157 1133 1227 1216 qui·

273 1230 410 1296 busdam
431 1233 603 1298 excrevisse
626 1233 836 1313 memorabat,
852 1234 939 1317 quod
957 1235 1012 1318 jus
1031 1234 1178 1315 dictaret,
1192 1235 1224 1299 id

274 1332 336 1398 sibi
358 1334 462 1398 solum
484 1342 608 1418 peteret
631 1336 783 1416 exhiberi,
799 1336 842 1400 ad
861 1336 1089 1401 declinandum
1109 1337 1226 1421 regalis

274 1438 371 1501 curiae
385 1437 554 1521 judicium,
570 1446 650 1503 tunc
670 1459 704 1504 se
723 1445 830 1504 vester
848 1439 984 1523 minime
1002 1439 1089 1504 selus
1109 1440 1226 1504 erexis-

274 1545 333 1604 set.
378 1541 466 1604 Nam
482 1540 559 1625 quid
573 1547 699 1624 poteret
719 1541 838 1605 inferre
857 1541 991 1625 periculi
1010 1541 1118 1606 danda
1131 1563 1227 1627 super

274 1643 334 1708 hae
356 1643 513 1728 petitione
536 1645 720 1710 sententia?
743 1645 784 1710 ad
807 1645 953 1728 regimen
975 1644 1115 1710 ecclesiae
1132 1667 1187 1710 vos
1206 1668 1227 1711 a

274 1744 363 1808 curia
382 1745 550 1808 transferri
563 1745 674 1824 voluit,
690 1753 723 1809 et
743 1746 784 1810 ab
802 1746 904 1830 ipsius
921 1746 1058 1811 nexibus
1076 1747 1137 1813 hoc
1156 1749 1226 1832 ipso

273 1868 327 1912 ros
350 1853 387 1910 ut
409 1846 517 1931 plures
537 1848 712 1931 opinantur
727 1847 881 1928 absolvit;
896 1850 983 1933 quod
1005 1851 1032 1914 si
1054 1851 1096 1914 ad
1117 1852 1227 1918 debita

273 1951 406 2016 minime
419 1951 627 2016 referendum
646 1959 704 2030 est,
721 1959 759 2017 ut
779 1960 909 2018 evectus
928 1954 999 2019 loco
1019 1953 1065 2018 sic
1083 1955 1225 2020 absolva-

274 2059 328 2118 tur
347 2075 367 2117 a
385 2053 505 2134 debito,
527 2061 654 2139 poterat
676 2056 846 2139 negotium
867 2077 925 2140 per
947 2057 1168 2140 exceptionem
1190 2058 1226 2122 iu

272 2174 340 2218 rem
364 2173 489 2219 versum
514 2155 690 2239 plurimum
714 2157 866 2240 expediri,
889 2165 923 2222 et
946 2158 1053 2243 siquid
1075 2167 1227 2244 compoto

274 2257 469 2340 nequivisset
490 2258 620 2338 includi,
641 2259 723 2324 irate
742 2260 845 2344 magis
867 2261 1027 2345 repetenti
1047 2285 1106 2326 sua
1128 2286 1224 2348 quam

274 2361 375 2440 avide,
400 2362 440 2426 de
469 2362 595 2444 reliquo
622 2370 750 2446 poterat
775 2363 936 2442 satisdari,
964 2372 998 2430 et
1027 2366 1128 2430 civilis
1156 2367 1226 2433 haec

274 2485 371 2528 causa
384 2464 505 2547 absque
519 2465 580 2529 hoc
595 2485 703 2528 rerum
717 2466 850 2530 turbine
867 2487 946 2550 paee
964 2473 1091 2550 poterat
1109 2469 1225 2534 hones-

271 2567 397 2630 tissima
409 2565 588 2630 terminari.
628 2567 691 2630 Sed
707 2567 891 2632 inauditum
906 2568 1022 2649 dicitis,
1037 2571 1125 2634 utin
1141 2572 1225 2655 regis

275 2669 365 2732 curia
379 2668 621 2732 Cantuariensis
643 2691 787 2753 uuquam
809 2671 1054 2754 compelleretur
1075 2673 1117 2736 ad
1137 2673 1225 2753 talia,

273 2779 307 2836 et
328 2772 362 2836 id
385 2771 528 2836 dixeritis
548 2772 743 2851 inauditum,
760 2773 927 2838 officialem
941 2776 1039 2839 curiae
1056 2778 1227 2859 repentino

274 2876 415 2940 transitu
434 2875 476 2939 ad
495 2876 585 2939 illam
604 2876 650 2940 sic
670 2876 838 2940 ecclesiam
851 2897 997 2961 unquam
1010 2878 1168 2942 haetenus
1181 2880 1227 2945 sie

272 2979 462 3058 escendisse,
489 2986 527 3043 ut
555 2978 651 3043 hodie
677 2979 748 3062 quis
774 2979 906 3058 curiam,
931 3001 1001 3044 eras
1028 2981 1227 3065 dispensaret

272 3081 447 3160 eeclesiam,
463 3081 504 3145 ab
527 3081 638 3146 avibus
661 3089 694 3146 et
717 3081 851 3145 canibus
866 3083 1054 3166 caterisque
1068 3085 1167 3149 curiae
1176 3085 1227 3169 jo·

271 3185 385 3248 cundis
409 3184 520 3248 usibus
544 3185 609 3248 cito
630 3183 700 3267 quis
721 3191 842 3250 astaret
864 3184 1028 3265 alteribus,
1048 3194 1082 3251 et
1106 3187 1228 3271 episco-

272 3286 321 3370 pis
340 3287 442 3350 totius
464 3286 557 3368 regni
579 3285 758 3368 spiritualia
777 3285 977 3350 ministraret
1000 3294 1034 3351 et
1056 3289 1228 3353 sacerdoti-

271 3388 341 3452 bus.
370 3389 458 3452 Usus
471 3388 572 3471 igitur
585 3389 623 3452 in
637 3388 761 3452 diverse
771 3388 929 3452 tendente
939 3388 1083 3467 consilio,
1095 3389 1226 3454 domum

271 3491 393 3574 regiam
409 3511 538 3556 crucem
553 3497 684 3574 gestans
700 3491 736 3554 iu
750 3490 901 3555 manibus
921 3491 1089 3570 introistis,
1105 3499 1140 3556 et
1154 3513 1226 3558 exe·

272 3595 399 3658 orandae
413 3594 581 3678 cujusdam
596 3593 728 3658 malitiae
747 3599 935 3676 suspectum
949 3614 1060 3677 regem
1075 3595 1227 3660 omnibus

271 3695 346 3760 ilico
364 3697 558 3761 reddidistis.
603 3697 650 3760 At
670 3697 739 3780 ejus
759 3695 980 3762 innocentiam
999 3698 1134 3761 summis
1149 3699 1226 3763 offe·

271 3799 406 3862 rendam
436 3799 605 3883 praeconiis
634 3798 793 3881 patientia
822 3798 1017 3877 declaravit,
1046 3799 1226 3866 illationem

271 3901 374 3966 erucis
389 3901 559 3967 adversum
580 3922 614 3966 se
632 3908 666 3965 et
686 3901 713 3964 si
732 3901 868 3965 moleste
882 3901 1003 3981 tulerit,
1019 3902 1100 3966 fines
1114 3910 1225 3968 tamen

271 4005 368 4088 regiae
386 4005 551 4070 modestiae
567 4026 634 4069 uon
649 4005 794 4068 excessit.
840 4005 917 4070 Non
936 4006 986 4070 ira
1005 4013 1114 4071 motus
1133 4008 1225 4070 effer·

270 4107 351 4186 buit,
366 4129 433 4174 non
447 4107 545 4173 verbo
560 4107 755 4191 malignatus
772 4114 829 4172 aut
844 4129 940 4192 opere
947 4134 958 4187 3
982 4129 1114 4172 causam
1129 4130 1225 4191 quam

272 4232 331 4276 sua
352 4220 500 4296 repetens
522 4211 707 4301 intenderat
729 4213 794 4276 fine
814 4211 941 4275 studuit
959 4211 1095 4294 justitiae
1115 4209 1226 4277 debito

274 4316 458 4381 terminare.
493 4317 539 4380 At
554 4315 746 4380 declinando
757 4314 916 4399 judicium
931 4313 973 4378 ad
987 4313 1156 4378 dominum
1170 4337 1226 4398 pa·
