3225 5192
327 696 392 738 an.
412 676 608 759 1161—89]
659 698 1103 744 nounournusmrrrsrona.
1211 683 1274 743 213

326 812 555 895 episcoporum,
571 820 823 898 caeterarumque
838 836 1046 898 personarum
1066 817 1102 881 in
1122 816 1182 881 hoc
1200 839 1276 881 con-

325 915 529 979 currentibus
549 914 639 993 votis,
662 916 697 979 in
720 925 844 999 patrem
866 918 928 981 sibi
950 926 982 982 et
1005 919 1276 1003 archiepiscopum

324 1018 483 1082 celebrata
505 1018 681 1083 solenniter
702 1021 858 1085 electione
880 1022 1029 1104 suscepit,
1045 1023 1213 1105 ipsumque
1235 1021 1276 1085 ad

324 1121 385 1186 hoc
404 1124 441 1185 in
460 1121 597 1186 sublime
617 1124 754 1207 rapiens,
774 1125 844 1189 Deo
863 1124 975 1189 laudea
995 1133 1028 1189 et
1049 1126 1182 1207 gloriam
1202 1147 1276 1188 cum

325 1226 428 1289 multa
451 1224 628 1308 gratiarum
653 1226 778 1289 actione
802 1227 975 1311 populique
998 1228 1098 1291 totius
1121 1229 1277 1312 applausu

325 1334 490 1410 gratanter
520 1328 662 1393 exsolvit.
718 1328 771 1392 Ad
801 1330 895 1413 cujus
924 1330 1198 1394 consecrationem
1228 1352 1276 1393 ae-

325 1430 437 1514 quenti
458 1431 629 1493 Dominica
648 1438 722 1513 post
742 1439 869 1494 octavas
889 1431 1096 1495 Pentecostes
1116 1453 1190 1495 oum
1211 1431 1276 1494 suf-

326 1533 469 1615 fraganei
494 1532 718 1597 convenissent
745 1533 894 1616 episcopi,
919 1533 1115 1616 nuntiosque
1140 1555 1214 1596 suos
1244 1543 1277 1597 et

322 1637 384 1700 rati
398 1634 573 1700 habitionis
587 1634 697 1699 literas
712 1634 768 1718 qui
789 1655 828 1697 ex
849 1635 1040 1699 necessitate
1063 1634 1198 1700 aberant
1221 1635 1275 1698 de-

322 1740 506 1817 stinassent,
519 1759 558 1802 ex
573 1739 735 1821 insperato
750 1738 853 1803 literae
869 1737 929 1802 sub
944 1738 1075 1802 nomine
1089 1738 1175 1821 regis
1186 1738 1275 1823 juni-

323 1842 385 1906 oris
405 1849 577 1925 oonceptae,
592 1842 627 1904 in
643 1840 786 1905 medium
805 1841 940 1925 prolatae
960 1848 993 1905 et
1014 1848 1168 1925 porrectae
1187 1849 1277 1920 snut,

324 1946 570 2030 appellationem
585 1944 789 2009 continentes
803 1944 954 2008 adversus
969 1944 1142 2009 electiones
1156 1965 1228 2027 quae
1241 1944 1277 2007 in

324 2070 424 2133 regno
450 2070 508 2113 suo
533 2068 737 2131 nequaquam
762 2047 1002 2112 celebrarentur
1027 2069 1169 2111 assensu.
1214 2048 1277 2111 Oui

324 2174 424 2236 quum
444 2162 534 2235 patre
555 2150 726 2235 superstite
745 2150 828 2213 nihil
848 2173 868 2214 a
886 2172 1046 2234 quoquam
1068 2150 1225 2215 debeatur
1241 2149 1277 2213 in

323 2276 424 2339 regno
446 2252 509 2318 nisi
531 2252 617 2317 salva
637 2254 738 2337 patris
758 2254 809 2317 sui
828 2253 993 2331 fidelitate,
1016 2254 1154 2336 licetque
1175 2254 1278 2317 literae

324 2364 477 2443 porrectae
498 2357 609 2421 multis
635 2378 673 2421 er
697 2357 801 2421 causis
825 2378 906 2443 quas
931 2378 1120 2421 enumerare
1143 2357 1277 2439 longum

325 2469 382 2538 est,
399 2466 553 2543 suspectae
573 2460 666 2525 nobis
685 2460 881 2538 viderentur,
899 2460 1061 2543 majestati
1080 2468 1190 2524 tamen
1209 2482 1278 2523 ves-

325 2573 383 2628 trae
405 2562 514 2627 debita
536 2584 609 2627 oum
633 2563 838 2627 veneratione
860 2561 1050 2640 deferentes,
1066 2567 1099 2624 et
1121 2561 1277 2626 honorem

324 2676 465 2730 vestrum
490 2666 617 2749 integre
644 2667 810 2749 cupientes
837 2686 971 2741 servare,
996 2686 1016 2727 a
1039 2663 1278 2727 consecratione

324 2769 548 2847 abstinuimus,
563 2776 596 2831 et
616 2789 684 2833 rem
706 2775 819 2832 vestrae
840 2766 1051 2850 delegandam
1067 2766 1193 2831 notitiae
1209 2787 1277 2829 om-

323 2894 380 2937 nes
399 2873 435 2936 in
455 2892 626 2936 commune
647 2870 853 2935 decrevimus.
900 2870 999 2935 Unde
1023 2869 1188 2934 sanctitati
1211 2890 1278 2933 vcs-

322 2982 382 3039 trse
396 2995 507 3038 omnes
521 2974 557 3037 in
572 2994 741 3037 commune
756 2994 867 3057 preces
881 2974 1055 3037 affectuose
1073 2972 1276 3056 porrigimus,

323 3099 364 3142 ne
379 3077 545 3162 cytharam
566 3085 710 3141 nostram
731 3076 766 3141 in
785 3076 922 3156 luctum,
938 3085 972 3140 et
990 3097 1148 3159 organum
1168 3077 1204 3140 in
1224 3098 1277 3140 vo-

326 3202 395 3245 cem
409 3180 559 3244 {lentium
574 3180 776 3257 convertatis,
793 3179 850 3244 red
868 3201 966 3264 opera
983 3200 1141 3243 manuum
1159 3186 1278 3243 vestra-

322 3306 395 3347 rum
410 3283 550 3366 benigne
566 3282 730 3347 dexteram
745 3283 926 3367 porrigatis.
973 3284 1021 3347 Ut
1035 3283 1139 3347 sciant
1154 3304 1276 3362 omnes,

322 3387 461 3467 domine,
478 3387 553 3471 quia
574 3408 690 3450 manus
712 3394 771 3450 tua
791 3387 871 3464 haec,
892 3395 926 3450 et
947 3394 995 3464 tu,
1016 3386 1157 3464 domine,
1172 3386 1277 3450 iecisti

323 3512 403 3570 eam,
428 3497 587 3555 ettotam
611 3489 853 3554 cantuariensis
876 3490 1016 3554 ecclesiae
1040 3489 1276 3573 plenitudinem

324 3594 410 3658 robis
424 3592 605 3657 uberiorem
622 3591 771 3675 obligetis
786 3590 827 3655 ad
843 3590 991 3673 gratiam.
