3225 5192
254 705 315 748 an.
333 685 531 770 nee-su]
582 703 796 751 onocrsnsnn
811 703 990 750 ammonas.
1157 686 1201 750 29

319 1022 544 1090 EPISTOLA
566 1023 751 1089 XVI.-an
766 1043 793 1086 r.
805 1042 1016 1088 arosronrcn
1031 1043 1127 1088 smus

641 1145 812 1191 nsosruu.
947 1159 951 1163 ν

251 1293 342 1356 Patri
364 1313 420 1356 saro
444 1297 475 1356 et
498 1292 620 1356 domim
638 1293 670 1356 J.
689 1297 805 1355 scaete
827 1292 911 1355 sedis
930 1293 1118 1374 Apostolicoe
1139 1292 1201 1356 Dei

289 1399 396 1480 pratia
425 1398 536 1479 lepoto,
557 1395 668 1478 frater
692 1396 730 1460 G.
758 1396 937 1458 Gloccsbiae
965 1396 1068 1460 Mus
1095 1396 1201 1475 oddae,

292 1500 426 1565 deditam
433 1502 525 1582 patri
539 1501 703 1564 caritates
717 1505 748 1562 et
762 1499 976 1562 obedientiam.

293 1649 590 1734 Insrsur1,pater,
616 1649 817 1727 necessitate,
843 1648 1065 1732 compellimur
1092 1655 1131 1713 nt
1160 1649 1201 1714 de

251 1775 313 1838 qno
333 1755 472 1818 multum
495 1754 696 1831 confidimus,
715 1761 830 1818 vestrae
851 1753 945 1817 nobis
970 1753 1200 1820 munificentie

250 1857 401 1922 anniium
423 1858 632 1942 requiramus.
689 1856 795 1921 Causa
815 1856 902 1920 inter
923 1855 1091 1921 dominum
1112 1857 1199 1922 Imn-

249 1960 429 2024 daviensem
444 1960 628 2044 episcopum
643 1965 676 2024 et
690 1959 823 2024 fratrem
844 1965 991 2024 nostrum
1007 1961 1039 2024 J.
1054 1961 1200 2026 Priorem

248 2063 389 2128 ecelsis
405 2063 516 2127 Sancti
527 2062 707 2142 Michaelis,
716 2061 750 2126 in
762 2061 833 2146 ipsa
842 2062 1057 2128 Landosiensi
1071 2064 1201 2130 dioecesi

249 2166 442 2248 constitutae,
467 2187 572 2250 nuper
595 2172 705 2230 exorta
728 2171 785 2244 est,
810 2165 852 2230 de
876 2187 1007 2250 corpore
1032 2168 1200 2252 cujusdam

249 2267 388 2332 dominae
402 2267 453 2332 M.
468 2266 588 2332 scilicet
610 2267 651 2331 de
669 2266 857 2348 Londoniis,
874 2289 946 2352 quac
963 2269 999 2333 in
1019 2271 1201 2336 novissimis

249 2393 359 2456 agens,
389 2370 457 2436 viro
485 2391 545 2436 suo
572 2369 824 2455 parentibusque
857 2372 954 2436 simul
987 2373 1201 2455 adstantibus,

250 2475 415 2540 sacerdote
444 2472 541 2538 etiam
572 2474 664 2558 cujus
693 2481 763 2538 erat
790 2475 995 2558 parochiana,
1023 2477 1059 2540 id
1094 2478 1200 2561 ipsum

249 2579 387 2657 volente,
403 2584 436 2642 et
452 2577 645 2661 requirente,
662 2597 730 2642 sese
749 2577 785 2641 in
804 2599 905 2642 manu
920 2579 1067 2663 praedicti
1081 2579 1202 2645 Prioris

250 2683 320 2748 loco
341 2689 452 2746 nostro
469 2680 669 2745 humandam
688 2685 833 2746 extrema
847 2683 1014 2748 voluntate
1033 2684 1200 2750 concessit.

251 2785 407 2868 Tempore
429 2784 517 2848 enim
543 2783 783 2868 predecessoris
805 2783 909 2865 istius,
934 2786 1057 2851 domini
1081 2786 1202 2853 scilicet

251 2888 378 2953 Urbani
394 2888 541 2972 episcopi,
556 2887 592 2951 in
612 2888 683 2972 ipsa
703 2887 844 2952 ecclesiae
860 2895 979 2952 nostroe
1001 2888 1203 2955 dedicatione

250 2999 344 3076 pater
356 2991 450 3055 istius
471 2995 505 3055 ct
526 2998 640 3070 mater,
655 2989 724 3054 hmo
742 2990 842 3054 etiam
858 2990 930 3074 ipsa
947 2997 981 3055 et
999 3011 1112 3056 eorum
1133 2999 1204 3057 tota

251 3093 420 3180 progenies
442 3115 476 3158 se
495 3093 600 3159 eidem
618 3094 689 3158 loco
710 3101 822 3158 nostro
841 3093 932 3158 nuilo
949 3095 1146 3161 reclamante
1166 3097 1202 3160 in

251 3199 321 3282 ipsa
345 3197 485 3283 episcopi
509 3197 680 3281 presentis
702 3204 940 3264 concesserunt.
991 3198 1148 3283 Suscepto
1168 3207 1202 3266 et

251 3324 319 3367 non
333 3301 436 3366 multo
450 3306 521 3384 post
532 3299 686 3364 defuncta
700 3309 733 3364 et
747 3299 784 3363 in
797 3300 965 3364 ecclesiam
979 3309 1122 3366 nostram
1135 3303 1203 3369 imo

252 3413 286 3471 et
307 3426 399 3468 suam
421 3404 519 3467 allata
539 3407 598 3466 est.
644 3401 728 3466 Inde
746 3402 782 3466 in
800 3423 860 3468 nos
879 3403 952 3487 plus
969 3404 1059 3488 justo
1080 3405 1203 3470 domini

253 3507 482 3574 landaviensis
502 3507 559 3571 irae
580 3507 773 3585 succensuit,
800 3513 834 3572 et
862 3506 902 3571 de
931 3507 1065 3572 mesia
1091 3515 1204 3573 nostra

252 3635 367 3698 eorpus
382 3613 488 3678 efferri
502 3619 535 3677 et
549 3611 585 3676 in
599 3633 692 3676 suam
707 3611 805 3676 etiem
820 3631 840 3676 a
853 3610 974 3677 nostris
987 3610 1105 3676 deferri
1122 3633 1202 3696 prae

253 3719 347 3801 cepit.
407 3715 550 3780 Jussioni
578 3715 655 3780 huic
688 3715 775 3799 prior
803 3713 1021 3799 Apostolicam
1056 3714 1205 3781 obtendit

253 3819 488 3912 auctoritatem,
512 3839 583 3902 quae
608 3818 749 3883 ecclesiis
774 3817 892 3882 nostris
911 3817 1050 3882 nanum
1072 3839 1204 3883 suorum

253 3929 287 3986 et
312 3942 458 3987 sororum
480 3919 646 3985 humanda
668 3941 800 4005 corporo
825 3921 953 4004 signata
974 3920 1131 4005 privilegii
1153 3942 1204 3986 ra·

252 4025 342 4090 tione
356 4023 513 4090 concedit.
558 4022 667 4102 Unde,
684 4023 775 4106 quasi
788 4023 960 4106 profanum
975 4022 1096 4106 aliquid
1117 4023 1205 4107 prior

253 4129 321 4212 ipse
335 4127 544 4205 nominasset,
556 4125 666 4190 statim
681 4126 941 4190 scommunione
956 4146 1129 4211 suspensus
1144 4132 1204 4204 est,

252 4239 286 4296 et
297 4231 438 4296 ecclesiae
448 4235 568 4294 nostrae
581 4227 770 4294 interdictae.
794 4229 838 4294 In
852 4250 916 4314 quo
929 4230 1017 4313 prior
1030 4250 1065 4294 se
1080 4227 1205 4311 gravari

252 4333 406 4414 sentiens,
418 4332 460 4397 sd
470 4332 552 4396 Adae
563 4331 647 4396 diem
662 4331 697 4395 in
711 4339 770 4396 tuo
783 4331 998 4397 misericordia
1011 4331 1053 4395 ad
1066 4334 1206 4394 vestram
