3225 5192
374 678 419 742 60
623 697 784 742 ornarant
802 697 923 741 ronror
938 697 1084 741 sanans

405 1014 625 1080 EPIS'POLA
647 1015 869 1081 xuni-n>
884 1034 1081 1080 nocrimen
1096 1035 1298 1080 sunnonem·

683 1139 797 1184 susan
820 1138 1023 1183 arrsooruu.

377 1271 471 1332 Patri
489 1289 544 1334 mo
559 1276 590 1334 et
604 1271 735 1348 domino,
750 1271 888 1334 Joceluo
904 1269 1127 1332 Sakaderieuai
1145 1269 1207 1332 Dei
1222 1271 1331 1352 pratia

419 1373 569 1454 episeopo,
576 1371 686 1454 frater
703 1373 741 1438 G.
755 1373 935 1436 Gloeeatrie
949 1372 1052 1435 dietate
1066 1372 1171 1451 obbas,
1186 1373 1329 1454 respuam.

422 1521 498 1586 Hoo
511 1529 570 1601 est,
582 1523 697 1588 dilecte
707 1529 810 1607 pater,
821 1521 907 1606 qnod
921 1521 1041 1587 crebris
1054 1521 1172 1586 litteris
1182 1520 1331 1585 intende·

377 1624 462 1704 dam,
474 1631 512 1689 nt
527 1625 567 1691 de
582 1626 713 1709 negotio
728 1625 814 1708 quod
827 1625 988 1689 internos
1002 1630 1062 1703 est,
1077 1623 1159 1688 mihi
1173 1644 1235 1688 nee
1248 1644 1331 1688 onus

379 1734 562 1811 angeretur,
577 1750 639 1792 neo
653 1728 742 1793 vobis
757 1729 861 1793 honor
876 1735 933 1792 aut
947 1728 1128 1792 reverentia
1141 1726 1251 1791 debita
1265 1726 1333 1790 ulla

377 1851 417 1896 ex
442 1839 534 1914 parte
558 1831 770 1896 minueretur.
817 1830 882 1895 Sed
908 1831 1060 1915 qnoniam
1087 1831 1173 1914 qnod
1198 1829 1332 1894 verebar

377 1933 504 2013 aooidit,
528 1940 562 1999 et
587 1935 810 2019 appellationis
834 1934 905 2018 jam
933 1934 1120 1998 intercurrit
1145 1933 1331 2012 auotoritas,

378 2057 491 2120 precor
515 2043 553 2100 ut
579 2036 620 2101 de
649 2037 710 2114 his,
735 2058 808 2121 quae
833 2043 981 2120 spectant
1006 2037 1049 2100 ud
1072 2057 1138 2115 vos,
1161 2035 1333 2119 negotium

377 2140 484 2222 ipsum
499 2139 625 2204 sivobis
639 2139 746 2223 plaoet
760 2139 947 2223 expediatis,
959 2147 994 2203 et
1007 2161 1067 2203 nos
1082 2138 1123 2203 de
1135 2138 1334 2203 remittenda

378 2241 591 2326 appellatione
621 2241 707 2326 apud
736 2242 906 2307 dominum
934 2241 1218 2326 arehiepisoopnm,
1245 2241 1333 2325 quod

378 2345 556 2428 poterimus
571 2365 778 2429 exequamur.
817 2344 967 2428 Requirit
981 2345 1133 2408 dominus
1147 2344 1333 2408 Bernardns

379 2445 441 2510 sibi
455 2453 574 2512 ounota
589 2447 728 2526 restitui,
744 2469 817 2530 quae
834 2455 908 2531 post
922 2445 1153 2511 denuntiatum
1167 2445 1256 2510 vobis
1270 2446 1334 2510 iter

380 2571 475 2614 suum
491 2550 531 2614 ad
546 2549 715 2614 dominum
726 2572 844 2634 papam
855 2549 972 2614 amisit.
1007 2549 1155 2614 Postulat
1166 2547 1333 2612 eeclesiam

379 2651 420 2716 de
441 2652 557 2717 Simnn
575 2653 742 2738 Desberga
756 2653 818 2718 sibi
837 2653 939 2732 reddi,
954 2660 988 2718 et
1002 2652 1177 2718 monachos
1190 2652 1262 2716 illos
1276 2674 1333 2735 per

380 2773 460 2836 quos
478 2753 539 2817 sibi
556 2753 626 2818 baee
645 2761 694 2818 est
716 2762 788 2819 orto
809 2757 987 2834 eontentio,
1002 2755 1181 2821 seeundum
1200 2754 1334 2819 manda·

379 2862 452 2920 tum
462 2855 587 2920 domini
601 2857 841 2941 archiepiscopi,
851 2858 892 2922 ad
903 2858 1045 2922 claustra
1057 2857 1219 2942 regularia
1229 2866 1332 2921 trans·

379 2959 476 3037 mitti,
500 2969 533 3024 et
556 2960 591 3024 in
614 2961 747 3024 eeclesia
770 2959 976 3044 Cern[eliae],
998 2961 1133 3024 oonsilio
1154 2969 1188 3025 et
1210 2958 1333 3024 auxilio

379 3069 496 3140 pestro,
518 3061 673 3144 religione
696 3063 863 3127 monachis
889 3063 1061 3144 condigna,
1080 3063 1176 3146 juxta
1201 3061 1333 3126 mauda-

379 3169 451 3226 tum
470 3163 594 3226 domini
613 3186 704 3248 papae
724 3164 899 3228 reformari.
947 3165 1050 3247 Super
1070 3163 1121 3226 bis
1141 3163 1235 3227 nobis
1252 3165 1335 3228 velle

379 3271 522 3328 vestrum
551 3265 743 3345 rescribatis,
770 3273 804 3329 et
832 3266 869 3330 in
897 3265 949 3330 bis
974 3287 1047 3349 quae
1070 3265 1165 3330 nobis
1191 3265 1333 3350 benigne

379 3366 563 3446 oonoeditis,
589 3389 649 3432 nos
674 3368 813 3432 humiles
839 3376 873 3432 et
898 3366 1085 3433 obedientes
1111 3376 1145 3432 et
1170 3368 1334 3454 adjutores

379 3469 550 3536 habebitis.
595 3472 712 3538 Valeat
727 3474 882 3538 sanctitas
895 3481 1010 3538 vestra.

423 3573 564 3638 Litteras
583 3575 706 3640 domini
727 3574 964 3658 arehiepisoopi,
985 3595 1058 3658 quae
1078 3574 1168 3640 vobis
1189 3575 1231 3640 ad
1251 3597 1332 3660 pre·

380 3698 454 3742 sens
468 3679 654 3759 mittuntm,
670 3688 747 3746 ante
761 3680 1008 3764 appellationem
1022 3677 1143 3744 iactam
1157 3678 1249 3744 datas
1263 3701 1333 3745 esse

380 3782 543 3848 noveritis.
