3225 5192
410 675 475 738 348
722 689 883 734 urrerem
901 689 1052 734 ssrscors

405 809 629 894 jurisdictione
655 815 851 892 exemptum,
877 806 1056 890 presertim
1081 826 1157 870 cum
1185 827 1239 870 me
1269 827 1365 890 super

408 911 469 975 hoc
484 919 640 994 tanquam
655 909 871 973 adversarium
886 909 1074 992 provocetis,
1090 929 1187 992 quem
1200 909 1364 973 nihilomi-

407 1034 470 1076 nus
484 1021 522 1076 ut
533 1013 677 1097 judicem
693 1011 916 1096 interpelletis.
961 1011 1113 1094 Denique
1132 1012 1291 1096 supplicat
1310 1034 1363 1076 vo-

407 1114 457 1178 bis
480 1113 717 1180 Londoniensis
740 1113 882 1191 ecclesis,
905 1112 1122 1196 supplicemus
1143 1120 1178 1176 et
1199 1133 1260 1176 nos
1280 1114 1363 1196 pari-

407 1225 468 1297 ter,
483 1225 521 1280 ut
537 1239 603 1281 non
622 1215 706 1280 tenti
728 1215 770 1280 sit
790 1214 877 1300 apud
891 1236 947 1279 vos
962 1215 1151 1279 mentientis
1165 1215 1363 1300 improbitss,

406 1327 445 1384 ut
460 1319 630 1384 scissuram
645 1319 804 1382 internos
819 1317 963 1382 fruterns
977 1317 1095 1381 osritss
1109 1317 1262 1402 pstistur.
1285 1319 1361 1382 Cer-

407 1430 479 1487 tum
494 1442 635 1506 numque
649 1422 798 1499 tenestis,
814 1421 903 1503 quod
921 1421 1006 1484 siout
1025 1440 1094 1484 non
1113 1441 1284 1504 possumus
1303 1443 1363 1486 neo

406 1525 553 1588 volumus
576 1531 680 1588 vestro
701 1524 737 1587 in
760 1523 868 1606 sliquo
886 1522 953 1607 juri
974 1522 1139 1606 derogsre.
1185 1524 1228 1586 In
1249 1545 1314 1607 quo
1336 1525 1363 1588 si

406 1637 517 1693 nostro
539 1649 606 1692 non
627 1627 757 1692 comitis
778 1627 975 1705 testimonio,
989 1627 1120 1691 veritsti
1142 1627 1274 1706 credite,
1291 1650 1363 1711 quse

406 1733 524 1794 certius
539 1731 702 1813 inquisitu,
718 1729 807 1794 vobis
822 1728 1042 1794 attestabitur.
1089 1729 1125 1793 Si
1138 1751 1213 1794 vero
1227 1739 1363 1795 conten·

405 1833 526 1898 tiosum
540 1833 652 1897 hinem
666 1833 794 1898 trahere
809 1853 939 1898 necesse
954 1841 1014 1912 est,
1029 1833 1166 1897 dicimus
1181 1834 1268 1917 quod
1283 1835 1361 1898 olim

408 1937 575 2001 Hannibal
590 1937 707 2000 dixisse
724 1935 854 2020 legitur.
899 1936 1088 2019 ‘Suscipiu’
1108 1937 1215 2020 inquit
1233 1937 1361 2002 Hanni·

406 2038 470 2116 bsl,
487 2045 617 2123 ‘pacem
632 2048 717 2123 peto.
755 2039 806 2102 Ex
820 2059 885 2122 quo
900 2039 928 2102 si
941 2039 1115 2117 insolescis,
1130 2039 1285 2122 utrinque
1298 2041 1361 2104 fer·

405 2161 488 2220 rum,
511 2142 665 2225 utrinque
689 2162 822 2225 corpore
845 2141 989 2206 humens
1010 2143 1129 2206 erunt?
1166 2143 1285 2208 Valere
1306 2165 1360 2207 vos

405 2251 553 2325 optumus
567 2243 603 2306 in
619 2241 769 2324 Domino,
785 2243 887 2308 freter
900 2244 1073 2309 carissime.

426 2574 646 2643 EPISTOLA
668 2575 907 2641 oculu-m
922 2598 1077 2642 mom
1095 2599 1136 2642 rr
1152 2599 1358 2644 couvrurors

788 2696 978 2745 ossrrsrm.

405 2830 443 2892 G.
460 2829 525 2892 Dei
535 2833 644 2911 pretio
658 2831 882 2896 moses
894 2833 1063 2913 episcopus,
1074 2833 1243 2896 venerabili
1253 2832 1360 2914 fratri

444 2937 475 2994 et
487 2934 594 2998 ,amics
609 2935 713 3014 priori
733 2935 895 3012 Caritatis,
910 2940 941 2997 et
955 2936 1013 2998 toti
1033 2937 1202 3013 consented,
1216 2938 1356 3012 salutes,

444 3041 474 3096 et
488 3038 613 3099 sinceroe
627 3037 799 3100 dilectionis
812 3037 966 3119 affectum.

443 3183 601 3263 Qosurs,
623 3187 737 3250 fratres
759 3187 795 3249 in
820 3187 948 3251 Christo
978 3187 1186 3266 dilectissimi,
1210 3189 1355 3254 ossitstis

398 3285 601 3368 plenitudine
614 3309 670 3352 vos
685 3295 718 3353 et
732 3297 873 3353 vestram
889 3289 1022 3354 domum
1037 3291 1281 3374 amplectemur,
1293 3315 1353 3356 nec

397 3387 495 3453 verbs
509 3391 678 3474 explicant,
694 3413 755 3455 neo
770 3391 874 3476 operis
889 3401 1083 3475 arguments
1097 3393 1274 3458 declarent.
1315 3394 1351 3459 Si

398 3490 476 3571 quid
491 3499 599 3556 tumen
615 3501 757 3557 vestrum
773 3502 822 3556 est
836 3493 922 3576 spud
937 3515 1007 3572 nos,
1023 3501 1169 3558 anostra
1186 3495 1222 3559 id
1237 3496 1350 3560 sollici-

397 3592 511 3656 tudine
526 3615 592 3658 non
607 3603 793 3678 reputamus
809 3597 962 3674 alienum,
977 3597 1053 3660 lustu
1065 3603 1171 3660 vestra
1188 3597 1262 3662 laete
1282 3621 1351 3662 sus-

396 3693 540 3775 cipimus.
588 3695 623 3758 Si
642 3696 729 3779 quid,
745 3697 832 3778 quod
853 3698 948 3778 absit,
968 3721 1060 3764 secus
1082 3700 1209 3779 eccidit,
1227 3723 1294 3765 non
1315 3703 1350 3766 id

395 3794 483 3860 vobis
512 3805 642 3862 tuntum
671 3799 841 3878 incumbit,
872 3801 959 3883 quod
987 3809 1021 3865 et
1051 3823 1110 3866 nos
1142 3825 1210 3866 non
1245 3804 1350 3868 eliens

395 3901 513 3964 mentis
528 3900 697 3965 afflictione
713 3902 833 3986 puriter
847 3905 1054 3968 sustinemus.
1086 3906 1213 3969 Vestrae
1227 3906 1255 3969 si
1269 3907 1348 3990 quid

394 4005 444 4070 vel
465 4026 577 4070 eorum
594 4007 629 4069 in
650 4006 765 4089 quibus
779 4028 835 4070 vos
855 4010 1034 4090 promoveri
1053 4015 1179 4072 certum
1201 4017 1260 4088 est,
1276 4032 1347 4094 pro·

393 4109 544 4172 motionis
565 4109 798 4192 opportunitas,
819 4111 977 4193 siquando
996 4111 1090 4175 nobis
1109 4113 1259 4190 occurrit,
1280 4135 1347 4176 non

393 4233 464 4275 esm
488 4212 661 4295 negligere,
686 4233 751 4276 non
778 4233 849 4276 esm
876 4235 935 4277 nos
960 4214 1062 4278 otiose
1087 4217 1252 4297 praeterire
1275 4237 1345 4298 per-

392 4315 493 4378 mittit
515 4315 571 4378 illu
592 4314 813 4398 proculdubio,
830 4338 894 4398 qua
907 4317 997 4380 vobis
1012 4317 1234 4400 astringimur,
1250 4319 1344 4382 devo-
