3225 5192
437 709 503 773 802
758 725 915 770 omnnem
930 723 1074 769 nrncorr

436 845 526 923 tiem,
551 861 687 926 qnorum
712 841 835 906 ibidem
860 839 995 926 eorpore
1022 840 1240 924 requiescunt,
1265 847 1335 905 tem
1360 843 1396 906 in

436 930 541 1030 eapite
561 965 659 1030 quem
678 946 715 1008 in
735 945 866 1029 repellis
885 943 928 1008 ed
945 963 1018 1008 eem
1038 943 1279 1027 pertinentibus
1300 944 1336 1007 in
1358 965 1397 1008 ee

435 1047 630 1114 conservetis
647 1047 929 1132 integritateque
947 1053 1018 1111 tem
1037 1053 1149 1111 noetro
1169 1067 1267 1131 quem
1287 1041 1395 1112 deoe'e-

434 1175 545 1219 eornm
559 1159 745 1218 nostrorum
765 1161 912 1238 tempore
931 1151 1077 1216 etebilitn
1089 1151 1189 1215 iniere
1203 1151 1393 1230 dinoeeitnr,

433 1263 473 1320 nt
498 1275 574 1320 eum
600 1261 727 1318 nostres
751 1254 787 1318 in
813 1254 876 1318 hoe
898 1273 1011 1338 preeer
1039 1253 1256 1333 exaudieritis,
1283 1255 1394 1320 Deum

433 1358 510 1424 inde
532 1356 622 1423 vobi·
643 1356 820 1441 propitium
842 1362 877 1422 et
899 1379 960 1421 noe
981 1355 1072 1422 robie
1093 1357 1257 1442 ampliorir
1280 1360 1394 1442 gretie

432 1461 596 1526 debitores
610 1459 765 1526 habeatis.

451 1767 673 1836 eplerohd
695 1767 924 1834 ccxli-in
939 1787 1095 1832 runnu.
1130 1787 1309 1832 rnmrro
1322 1789 1369 1832 en

586 1893 763 1938 couurrrr.
782 1893 821 1936 ιιι
837 1891 985 1936 cnrrree
1002 1891 1234 1936 cererrcoruu.

431 2023 564 2089 Domino
588 2031 620 2088 et
646 2023 745 2088 amieo
769 2044 826 2088 ruo
851 2023 1013 2087 cmieeimo
1038 2021 1173 2087 Rodum
1196 2023 1259 2086 Dei
1280 2025 1390 2104 oratio

473 2125 709 2209 Herefordierm
717 2128 859 2208 episcopo
864 2124 977 2208 freter
987 2125 1155 2204 momen,
1164 2123 1390 2190 Londorriemie

473 2229 606 2292 eoeleeioe
626 2229 776 2308 minister,
792 2227 983 2292 durdsster‘
969 2249 1004 2292 m
1023 2229 1073 2291 dir
1093 2229 1232 2292 coerceri
1246 2247 1312 2310 quoe
1329 2229 1389 2291 Dei

472 2335 553 2407 runt,
569 2329 1266 2412 etiniirdemfinedeetierimoeomummeri

472 2481 529 2546 Nn
544 2487 620 2561 tute,
636 2480 812 2547 Domine
777 2480 953 2565 ,Jureionie
967 2501 1051 2545 rene
1069 2479 1151 2545 mihi
1170 2487 1228 2546 ent
1246 2480 1366 2544 vilie'
1338 2503 1383 2544 vr-

429 2583 560 2651 deretnr
574 2584 758 2663 auctorita,
772 2583 834 2650 tibi
848 2583 935 2648 illioo
949 2583 1052 2648 direxi
1066 2583 1187 2648 librum
1201 2603 1298 2668 quem
1312 2605 1383 2668 poe-

427 2689 560 2769 tulmti3
584 2686 704 2753 librum
724 2683 893 2771 siquidem,
909 2707 1007 2770 quem
1025 2686 1063 2752 in
1082 2686 1219 2752 Cantica
1233 2686 1383 2752 Centieo

426 2813 502 2856 rum
512 2793 647 2876 juvente
662 2790 805 2856 Domino
819 2809 924 2874 nupm
938 2789 1044 2855 edidi:
1067 2809 1164 2874 quem
1179 2789 1264 2854 nulli
1280 2790 1383 2854 homi-

426 2915 509 2959 num
533 2900 609 2960 ente
634 2901 668 2958 te
695 2892 903 2958 scribendum
923 2892 1201 2977 inspiciendumve
1226 2895 1382 2960 oommiei.

426 2997 505 3062 Non
531 2999 617 3063 enim
643 2997 696 3062 hie
721 2997 764 3062 ed
789 2996 921 3062 leudem
945 2997 1138 3081 praeeoniive
1160 2997 1267 3080 gratie
1288 3019 1309 3062 e
1329 3019 1382 3063 me

425 3099 623 3183 ooneeriptue
643 3105 702 3178 ert,
723 3099 781 3164 eed
799 3105 839 3164 ut
858 3100 946 3184 quod
965 3098 1108 3165 Domino
1122 3085 1258 3164 dooente
1273 3100 1380 3180 didici,

425 3200 459 3264 id
473 3207 618 3266 tenerem
632 3202 837 3267 memoriter:
858 3210 892 3268 et
906 3202 976 3268 haee
990 3224 1059 3267 non
1069 3201 1248 3266 seeundum
1258 3203 1380 3268 Jndeoe

424 3306 625 3392 aspernenda
638 3307 755 3386 viliter,
767 3305 824 3372 eed
838 3305 908 3372 haee
922 3307 1039 3372 intimo
1053 3329 1152 3372 senen
1165 3307 1306 3390 legende
1318 3308 1377 3372 hn-

423 3409 544 3474 militer
562 3416 596 3473 et
615 3410 814 3493 eodemque
835 3409 924 3475 dieta
943 3407 1009 3474 eint
1029 3409 1144 3495 spiritu
1165 3409 1378 3494 intelligenda

423 3509 686 3576 demonstrarem.
718 3511 783 3577 Qui
799 3533 901 3596 quum
916 3533 935 3576 e
949 3518 983 3576 te
997 3511 1096 3576 fuerit
1110 3511 1291 3576 attentione
1305 3513 1376 3597 plu-

421 3610 505 3674 rime
519 3611 559 3676 eb
574 3612 668 3677 initio
690 3613 731 3677 ad
750 3613 850 3678 finem
870 3635 973 3698 usque
992 3615 1163 3698 perlectus,
1178 3614 1283 3678 multe
1302 3635 1376 3680 eum

367 3786 373 3795 ¹
421 3712 522 3777 enimi
536 3712 701 3780 alacritate
723 3715 901 3799 meepieti,
916 3721 950 3781 et
968 3737 1023 3781 me
1041 3738 1152 3782 meum
1170 3717 1207 3780 in
1225 3718 1289 3782 hoe
1307 3725 1375 3782 etu-

420 3814 512 3878 dium
535 3815 710 3901 applicasse
732 3817 839 3898 leude,
861 3825 900 3882 ut
922 3819 1028 3899 endio,
1051 3819 1191 3904 plurime
1210 3841 1374 3886 commen·

420 3917 514 3983 desti.
559 3919 622 3986 Oui
636 3927 674 3987 ut
688 3920 771 3986 nihil
791 3921 832 3986 ed
851 3921 1083 4005 perlectionem
1101 3922 1247 3988 deeeeetz
1269 3924 1373 4010 prole·

419 4043 498 4106 gum
519 4043 540 4086 e
558 4043 611 4088 me
630 4024 734 4108 aptari
753 4025 934 4110 postulasti,
954 4031 993 4090 ut
1012 4025 1059 4090 eie
1078 4026 1183 4109 operit
1201 4027 1374 4110 eompletio

418 4125 519 4211 digne
528 4127 611 4192 foret
622 4127 675 4192 eni
687 4129 865 4212 gratiarum
875 4127 1066 4193 redderetur
1076 4127 1242 4194 exhibitio.
1266 4131 1373 4215 Serip-

416 4237 488 4297 tnrn
499 4233 616 4317 quippe
630 4238 698 4298 eet:
720 4233 827 4298 Fortis
841 4240 891 4297 eet
905 4239 942 4298 ut
956 4253 1044 4298 more
1059 4231 1199 4298 dileetio.
1229 4233 1320 4298 Nem
1333 4239 1372 4298 nt

416 4335 551 4401 mortale
569 4335 651 4400 nihil
670 4341 719 4400 eet
739 4334 826 4419 quod
844 4355 965 4400 nexum
984 4341 1084 4422 queat
1106 4333 1220 4400 mortio
1241 4334 1370 4414 elidere,
