3225 5192
234 710 306 753 an.
327 684 523 768 1148-6l.]
570 702 852 747 suanmnnmusm
866 700 1042 745 siurone.
1132 680 1191 744 15⁷

235 821 370 887 caritate
396 817 576 883 subvenias.
621 816 712 895 Vale,
741 816 959 895 dilectissima,
982 825 1016 881 et
1037 815 1192 881 exauditu

236 925 291 1009 pio
306 922 401 988 amici
416 930 560 987 mentem
575 919 783 1005 supplicantis
798 920 950 985 exhilara.

312 1176 534 1241 EPISTOLA
557 1174 768 1239 cxlx-un
786 1193 971 1238 nrunrcou
988 1194 1116 1237 suoru.

240 1314 372 1376 Domino
392 1332 448 1375 ruo
462 1331 531 1393 pro
545 1311 663 1373 eunctis
681 1309 742 1373 sibi
761 1310 932 1388 carissimo,
947 1311 1065 1373 ilicem
1077 1312 1194 1393 Astylo-

284 1436 354 1477 rum
367 1415 435 1497 νομί
449 1415 491 1478 Η.
499 1413 610 1495 frater
626 1414 664 1476 G.
680 1411 929 1494 Hercsordieosis
943 1414 1076 1476 ecclesie
1089 1415 1195 1477 minio-

286 1524 344 1598 ter,
360 1518 442 1581 omni
457 1518 507 1580 die
519 1516 563 1579 cd
572 1517 742 1579 Dominum
757 1517 872 1579 devoto
886 1518 997 1579 meotis
1011 1517 1196 1599 obsequium.

286 1657 445 1720 Ousncso
460 1678 503 1720 ne
517 1656 673 1721 irascatur
687 1654 837 1719 dominns
859 1676 960 1733 meus,
976 1656 1004 1719 si
1018 1656 1197 1720 clementias

243 1780 310 1823 suae
331 1758 441 1843 paucis
456 1758 681 1843 supplicaverit
694 1758 827 1821 humilis
842 1758 963 1821 amicus
978 1759 1057 1843 ejus.
1104 1759 1197 1823 Solli-

244 1863 323 1927 citat
344 1883 397 1925 me
420 1862 570 1927 dominus
592 1861 811 1939 cancellarius,
830 1868 869 1925 ut
889 1868 999 1925 curam
1021 1862 1198 1927 Londoniae

246 1966 447 2050 episcopatus
467 1964 698 2057 suscipiam,‘et
721 1984 760 2027 ex
781 1972 873 2047 parte
893 1964 1058 2029 redituum
1078 1965 1198 2049 episco-

247 2076 351 2153 patus,
374 2069 559 2153 episcopum
580 2068 686 2151 ipsum
710 2074 744 2131 et
768 2068 900 2131 domum
925 2068 995 2150 ejus
1020 2068 1199 2147 exhibeam,

249 2171 408 2254 reliquum
428 2191 503 2235 vero
525 2170 656 2235 domino
676 2192 748 2235 meo
769 2170 848 2253 regi,
869 2178 966 2253 prout
985 2170 1047 2235 sibi
1069 2172 1200 2255 spiritus

250 2274 311 2338 Dei
333 2274 538 2357 suggesserit,
554 2273 751 2357 erogandum
767 2294 961 2337 conservem.
1005 2272 1104 2339 Quod
1127 2274 1202 2356 quia

250 2377 462 2461 periculosum
477 2376 557 2440 mihi
575 2384 633 2456 est,
649 2387 682 2441 et
701 2376 737 2439 in
757 2377 898 2440 multum
912 2378 1029 2441 animae
1043 2398 1124 2441 mese
1138 2378 1202 2442 dis·

251 2479 415 2564 pendium,
431 2480 473 2543 ad
492 2480 588 2564 pedes
604 2480 810 2544 sublimitatis
824 2486 940 2543 vestroe
954 2480 1049 2544 corde
1063 2487 1203 2563 prostra-

251 2591 304 2649 tus
318 2584 495 2667 expostulo,
512 2584 663 2667 quatinus
683 2583 758 2646 huic
777 2584 869 2647 oneri
888 2604 941 2646 me
960 2583 1080 2647 eximat
1099 2590 1205 2647 vestra

253 2688 440 2767 sublimitos,
456 2696 489 2752 et
504 2710 615 2751 auram
630 2688 715 2751 hanc
729 2687 783 2751 clii
803 2686 857 2750 cui
875 2686 1032 2770 placuerit
1051 2685 1204 2749 adminis-

252 2791 403 2855 trandam
418 2792 610 2855 committat.
634 2790 770 2855 Confido
782 2789 822 2854 de
834 2789 1051 2853 misericordia
1061 2789 1204 2868 Domini,

254 2902 291 2959 ut
306 2894 348 2958 ad
362 2894 552 2977 petitionem
564 2914 668 2957 meam
680 2914 735 2957 cor
745 2892 870 2957 domini
884 2894 949 2956 mei
962 2891 1047 2977 regis
1062 2892 1205 2971 inclinet,

256 3003 288 3059 et
302 3016 355 3058 mc
369 2994 423 3078 pia
437 2994 640 3058 exauditione
653 3003 761 3060 vestra
778 2994 930 3072 laetificet,
944 3001 982 3058 ut
1002 2994 1082 3057 mihi
1101 2994 1206 3058 reddi·

256 3108 308 3161 tus
323 3098 394 3161 Deo
409 3097 553 3161 devotius
567 3097 746 3175 intendam,
760 3104 794 3161 et
814 3097 922 3181 ipsum
940 3118 999 3182 pro
1018 3097 1123 3161 salute
1138 3119 1207 3161 ves-

257 3210 307 3265 tra
320 3208 413 3265 tanto
429 3200 549 3285 purius,
565 3208 687 3284 quanto
702 3200 890 3285 expeditius,
905 3202 983 3265 totis
997 3201 1114 3265 animae
1127 3223 1209 3266 meae

258 3304 377 3369 viribus
391 3304 601 3387 interpellem
633 3304 732 3368 Muro
746 3326 804 3369 suo
818 3304 1060 3389 inexpugnabili
1074 3305 1208 3369 cucum-

260 3408 367 3491 cingat
382 3428 437 3471 vos
451 3408 621 3485 Dominus,
637 3414 670 3471 et
685 3408 782 3471 armis
801 3410 956 3491 potentiae
975 3430 1042 3472 suae
1060 3416 1209 3493 protegat

260 3533 314 3577 vos
329 3532 465 3595 semper,
481 3510 610 3575 domine
624 3510 660 3616 iu
676 3511 805 3576 Christo
815 3511 1035 3597 dilectissime.

263 3750 486 3815 EPIS'POLA
508 3748 953 3819 CXX.-anrunosa1.nuu
970 3776 1207 3821 consonaren-

537 3876 604 3919 snrr
626 3876 938 3922 aacmrrrscorou.

267 3992 357 4055 Patri
371 4011 426 4055 orso
441 3997 471 4055 et
486 3992 608 4056 dormm
622 3992 656 4054 Τ.
670 3993 887 4057 Οαιιίιιαήοκιὲ
897 3995 959 4057 Dei
969 3996 1079 4076 pretio
1094 3995 1213 4058 metie-

301 4096 439 4176 ps'scopo,
445 4093 556 4176 frater
569 4096 608 4159 G.
619 4094 868 4177 Herp‘ordiemis
881 4098 1032 4177 meriste,
1047 4118 1088 4161 eo
1101 4096 1215 4179 effectu

308 4198 642 4280 cowririotimifldele
656 4199 924 4282 muousoboeqoii.
1314 4193 1320 4205 ⁶

310 4330 408 4397 Quor
424 4332 465 4396 ad
486 4352 627 4416 prreaens
641 4332 766 4398 dileetae
780 4332 873 4399 nobis
892 4340 926 4397 et
948 4332 1119 4417 diligendae
1133 4354 1215 4396 sem-
