<?xml version="1.0" encoding="UTF-8"?>
<!DOCTYPE html PUBLIC "-//W3C//DTD XHTML 1.0 Transitional//EN"
    "http://www.w3.org/TR/xhtml1/DTD/xhtml1-transitional.dtd">
<html xmlns="http://www.w3.org/1999/xhtml" xml:lang="en" lang="en">
 <head>
  <title>
</title>
<meta http-equiv="Content-Type" content="text/html;charset=utf-8" />
  <meta name='ocr-system' content='tesseract 3.04.00' />
  <meta name='ocr-capabilities' content='ocr_page ocr_carea ocr_par ocr_line ocrx_word'/>
</head>
<body>
  <div class='ocr_page' id='page_1' title='image "./gilbertiexabbat00gilegoog_0052.png"; bbox 0 0 3225 5192; ppageno 0'>
   <div class='ocr_carea' id='block_1_1' title="bbox 237 735 1198 820">
    <p class='ocr_par' dir='ltr' id='par_1_1' title="bbox 237 735 1198 820">
     <span class='ocr_line' id='line_1_1' title="bbox 237 735 1198 820; baseline 0 -18"><span class='ocrx_word' id='word_1_1' title='bbox 237 760 302 802; x_wconf 65' lang='lat' dir='ltr'><strong>sn.</strong></span> <span class='ocrx_word' id='word_1_2' title='bbox 320 735 520 820; x_wconf 60' lang='lat' dir='ltr'><strong>nac—48]</strong></span> <span class='ocrx_word' id='word_1_3' title='bbox 569 755 782 801; x_wconf 78' lang='lat' dir='ltr'><strong>oaocasrarn</strong></span> <span class='ocrx_word' id='word_1_4' title='bbox 798 756 977 803; x_wconf 78' lang='lat' dir='ltr'><strong>arrsroun.</strong></span> <span class='ocrx_word' id='word_1_5' title='bbox 1148 739 1198 802; x_wconf 57' lang='lat'><strong>21‘</strong></span> 
     </span>
    </p>
   </div>
   <div class='ocr_carea' id='block_1_2' title="bbox 229 869 1234 3814">
    <p class='ocr_par' dir='ltr' id='par_1_2' title="bbox 229 869 1234 3814">
     <span class='ocr_line' id='line_1_2' title="bbox 236 869 1191 957; baseline -0.004 -19"><span class='ocrx_word' id='word_1_6' title='bbox 236 873 419 957; x_wconf 74' lang='lat' dir='ltr'><strong>tranquilla</strong></span> <span class='ocrx_word' id='word_1_7' title='bbox 438 871 524 955; x_wconf 90' lang='lat' dir='ltr'><strong>pacis</strong></span> <span class='ocrx_word' id='word_1_8' title='bbox 543 869 741 935; x_wconf 87' lang='lat' dir='ltr'><strong>habueratis.</strong></span> <span class='ocrx_word' id='word_1_9' title='bbox 785 872 854 936; x_wconf 90' lang='lat' dir='ltr'><strong>Vos</strong></span> <span class='ocrx_word' id='word_1_10' title='bbox 874 877 985 936; x_wconf 89' lang='lat' dir='ltr'><strong>tamen</strong></span> <span class='ocrx_word' id='word_1_11' title='bbox 1004 892 1074 936; x_wconf 88' lang='lat' dir='ltr'><strong>rem</strong></span> <span class='ocrx_word' id='word_1_12' title='bbox 1093 869 1191 935; x_wconf 85' lang='lat' dir='ltr'><strong>altius</strong></span> 
     </span>
     <span class='ocr_line' id='line_1_3' title="bbox 236 974 1191 1062; baseline -0.004 -20"><span class='ocrx_word' id='word_1_13' title='bbox 236 978 453 1062; x_wconf 71' lang='lat' dir='ltr'><strong>inspicientes,</strong></span> <span class='ocrx_word' id='word_1_14' title='bbox 475 981 508 1042; x_wconf 88' lang='lat' dir='ltr'><strong>et</strong></span> <span class='ocrx_word' id='word_1_15' title='bbox 529 975 733 1054; x_wconf 82' lang='lat' dir='ltr'><strong>beneficium,</strong></span> <span class='ocrx_word' id='word_1_16' title='bbox 756 975 843 1060; x_wconf 89' lang='lat' dir='ltr'><strong>quod</strong></span> <span class='ocrx_word' id='word_1_17' title='bbox 866 974 922 1038; x_wconf 92' lang='lat' dir='ltr'><strong>diu</strong></span> <span class='ocrx_word' id='word_1_18' title='bbox 945 977 1032 1040; x_wconf 87' lang='lat' dir='ltr'><strong>iuter</strong></span> <span class='ocrx_word' id='word_1_19' title='bbox 1056 996 1191 1039; x_wconf 91' lang='lat' dir='ltr'><strong>manum</strong></span> 
     </span>
     <span class='ocr_line' id='line_1_4' title="bbox 237 1078 1190 1161; baseline -0.003 -15"><span class='ocrx_word' id='word_1_20' title='bbox 237 1079 469 1158; x_wconf 79' lang='lat' dir='ltr'><strong>dantishaesit,</strong></span> <span class='ocrx_word' id='word_1_21' title='bbox 491 1078 656 1161; x_wconf 87' lang='lat' dir='ltr'><strong>ingratum</strong></span> <span class='ocrx_word' id='word_1_22' title='bbox 679 1099 747 1142; x_wconf 89' lang='lat' dir='ltr'><strong>esse</strong></span> <span class='ocrx_word' id='word_1_23' title='bbox 769 1099 837 1142; x_wconf 88' lang='lat' dir='ltr'><strong>non</strong></span> <span class='ocrx_word' id='word_1_24' title='bbox 857 1085 1018 1158; x_wconf 75' lang='lat' dir='ltr'><strong>curantes,</strong></span> <span class='ocrx_word' id='word_1_25' title='bbox 1039 1079 1190 1158; x_wconf 86' lang='lat' dir='ltr'><strong>amicum,</strong></span> 
     </span>
     <span class='ocr_line' id='line_1_5' title="bbox 237 1181 1191 1268; baseline -0.002 -21"><span class='ocrx_word' id='word_1_26' title='bbox 237 1183 291 1268; x_wconf 89' lang='lat' dir='ltr'><strong>qui</strong></span> <span class='ocrx_word' id='word_1_27' title='bbox 316 1182 379 1247; x_wconf 81' lang='lat' dir='ltr'><strong>etsi</strong></span> <span class='ocrx_word' id='word_1_28' title='bbox 403 1203 523 1265; x_wconf 81' lang='lat' dir='ltr'><strong>magna</strong></span> <span class='ocrx_word' id='word_1_29' title='bbox 547 1186 686 1264; x_wconf 87' lang='lat' dir='ltr'><strong>rogaret,</strong></span> <span class='ocrx_word' id='word_1_30' title='bbox 711 1202 750 1245; x_wconf 85' lang='lat' dir='ltr'><strong>ex</strong></span> <span class='ocrx_word' id='word_1_31' title='bbox 773 1181 890 1247; x_wconf 87' lang='lat' dir='ltr'><strong>merito</strong></span> <span class='ocrx_word' id='word_1_32' title='bbox 913 1181 1057 1246; x_wconf 90' lang='lat' dir='ltr'><strong>caritatis</strong></span> <span class='ocrx_word' id='word_1_33' title='bbox 1086 1181 1191 1246; x_wconf 88' lang='lat' dir='ltr'><strong>audiri</strong></span> 
     </span>
     <span class='ocr_line' id='line_1_6' title="bbox 235 1283 1190 1365; baseline -0.004 -13"><span class='ocrx_word' id='word_1_34' title='bbox 235 1286 402 1365; x_wconf 83' lang='lat' dir='ltr'><strong>debuerat,</strong></span> <span class='ocrx_word' id='word_1_35' title='bbox 422 1285 489 1350; x_wconf 92' lang='lat' dir='ltr'><strong>imo</strong></span> <span class='ocrx_word' id='word_1_36' title='bbox 508 1283 581 1349; x_wconf 86' lang='lat' dir='ltr'><strong>dieo</strong></span> <span class='ocrx_word' id='word_1_37' title='bbox 600 1305 668 1348; x_wconf 92' lang='lat' dir='ltr'><strong>non</strong></span> <span class='ocrx_word' id='word_1_38' title='bbox 688 1283 833 1363; x_wconf 89' lang='lat' dir='ltr'><strong>audistis,</strong></span> <span class='ocrx_word' id='word_1_39' title='bbox 848 1284 906 1349; x_wconf 88' lang='lat' dir='ltr'><strong>sed</strong></span> <span class='ocrx_word' id='word_1_40' title='bbox 925 1284 1026 1350; x_wconf 88' lang='lat' dir='ltr'><strong>dilato</strong></span> <span class='ocrx_word' id='word_1_41' title='bbox 1046 1284 1190 1364; x_wconf 88' lang='lat' dir='ltr'><strong>consilio,</strong></span> 
     </span>
     <span class='ocr_line' id='line_1_7' title="bbox 236 1384 1189 1471; baseline -0.002 -19"><span class='ocrx_word' id='word_1_42' title='bbox 236 1407 315 1471; x_wconf 89' lang='lat' dir='ltr'><strong>quos</strong></span> <span class='ocrx_word' id='word_1_43' title='bbox 344 1386 387 1451; x_wconf 89' lang='lat' dir='ltr'><strong>ad</strong></span> <span class='ocrx_word' id='word_1_44' title='bbox 414 1407 471 1451; x_wconf 85' lang='lat' dir='ltr'><strong>vos</strong></span> <span class='ocrx_word' id='word_1_45' title='bbox 499 1384 661 1463; x_wconf 87' lang='lat' dir='ltr'><strong>miseram,</strong></span> <span class='ocrx_word' id='word_1_46' title='bbox 692 1385 733 1449; x_wconf 90' lang='lat' dir='ltr'><strong>ad</strong></span> <span class='ocrx_word' id='word_1_47' title='bbox 770 1407 830 1451; x_wconf 93' lang='lat' dir='ltr'><strong>nos</strong></span> <span class='ocrx_word' id='word_1_48' title='bbox 865 1407 982 1452; x_wconf 86' lang='lat' dir='ltr'><strong>vacuos</strong></span> <span class='ocrx_word' id='word_1_49' title='bbox 1010 1387 1189 1451; x_wconf 90' lang='lat' dir='ltr'><strong>remisistis.</strong></span> 
     </span>
     <span class='ocr_line' id='line_1_8' title="bbox 235 1489 1190 1576; baseline -0.002 -20"><span class='ocrx_word' id='word_1_50' title='bbox 235 1492 337 1576; x_wconf 78' lang='lat' dir='ltr'><strong>AEgre</strong></span> <span class='ocrx_word' id='word_1_51' title='bbox 350 1491 419 1556; x_wconf 82' lang='lat' dir='ltr'><strong>fero</strong></span> <span class='ocrx_word' id='word_1_52' title='bbox 433 1511 501 1555; x_wconf 91' lang='lat' dir='ltr'><strong>non</strong></span> <span class='ocrx_word' id='word_1_53' title='bbox 516 1489 602 1573; x_wconf 90' lang='lat' dir='ltr'><strong>quod</strong></span> <span class='ocrx_word' id='word_1_54' title='bbox 620 1489 846 1573; x_wconf 79' lang='lat' dir='ltr'><strong>imperfectum</strong></span> <span class='ocrx_word' id='word_1_55' title='bbox 861 1497 910 1555; x_wconf 88' lang='lat' dir='ltr'><strong>est</strong></span> <span class='ocrx_word' id='word_1_56' title='bbox 926 1490 1013 1574; x_wconf 92' lang='lat' dir='ltr'><strong>quod</strong></span> <span class='ocrx_word' id='word_1_57' title='bbox 1026 1491 1190 1574; x_wconf 81' lang='lat' dir='ltr'><strong>rogabam,</strong></span> 
     </span>
     <span class='ocr_line' id='line_1_9' title="bbox 235 1592 1234 1682; baseline -0.003 -21"><span class='ocrx_word' id='word_1_58' title='bbox 235 1595 291 1662; x_wconf 89' lang='lat' dir='ltr'><strong>sed</strong></span> <span class='ocrx_word' id='word_1_59' title='bbox 313 1593 401 1679; x_wconf 92' lang='lat' dir='ltr'><strong>quod</strong></span> <span class='ocrx_word' id='word_1_60' title='bbox 423 1592 463 1658; x_wconf 91' lang='lat' dir='ltr'><strong>de</strong></span> <span class='ocrx_word' id='word_1_61' title='bbox 484 1593 595 1658; x_wconf 88' lang='lat' dir='ltr'><strong>amicis</strong></span> <span class='ocrx_word' id='word_1_62' title='bbox 615 1592 724 1657; x_wconf 89' lang='lat' dir='ltr'><strong>minus</strong></span> <span class='ocrx_word' id='word_1_63' title='bbox 747 1592 841 1657; x_wconf 91' lang='lat' dir='ltr'><strong>solito</strong></span> <span class='ocrx_word' id='word_1_64' title='bbox 860 1613 988 1677; x_wconf 87' lang='lat' dir='ltr'><strong>sperare</strong></span> <span class='ocrx_word' id='word_1_65' title='bbox 1007 1593 1190 1677; x_wconf 87' lang='lat' dir='ltr'><strong>compellor.</strong></span> <span class='ocrx_word' id='word_1_66' title='bbox 1231 1678 1234 1682; x_wconf 18' lang='grc' dir='ltr'>ι</span> 
     </span>
     <span class='ocr_line' id='line_1_10' title="bbox 236 1695 1189 1782; baseline -0.002 -20"><span class='ocrx_word' id='word_1_67' title='bbox 236 1699 404 1782; x_wconf 81' lang='lat' dir='ltr'><strong>Rogabam</strong></span> <span class='ocrx_word' id='word_1_68' title='bbox 414 1695 782 1781; x_wconf 86' lang='lat' dir='ltr'><strong>equidemcumfiducia,</strong></span> <span class='ocrx_word' id='word_1_69' title='bbox 789 1695 877 1780; x_wconf 94' lang='lat' dir='ltr'><strong>quod</strong></span> <span class='ocrx_word' id='word_1_70' title='bbox 885 1696 1064 1760; x_wconf 81' lang='lat' dir='ltr'><strong>amantium</strong></span> <span class='ocrx_word' id='word_1_71' title='bbox 1074 1717 1127 1760; x_wconf 91' lang='lat' dir='ltr'><strong>me</strong></span> <span class='ocrx_word' id='word_1_72' title='bbox 1135 1717 1189 1780; x_wconf 91' lang='lat' dir='ltr'><strong>pe-</strong></span> 
     </span>
     <span class='ocr_line' id='line_1_11' title="bbox 234 1797 1190 1882; baseline -0.002 -17"><span class='ocrx_word' id='word_1_73' title='bbox 234 1801 343 1866; x_wconf 89' lang='lat' dir='ltr'><strong>titioni</strong></span> <span class='ocrx_word' id='word_1_74' title='bbox 357 1822 426 1865; x_wconf 92' lang='lat' dir='ltr'><strong>non</strong></span> <span class='ocrx_word' id='word_1_75' title='bbox 439 1819 602 1882; x_wconf 78' lang='lat' dir='ltr'><strong>negarem.</strong></span> <span class='ocrx_word' id='word_1_76' title='bbox 630 1797 809 1881; x_wconf 85' lang='lat' dir='ltr'><strong>Rogabam,</strong></span> <span class='ocrx_word' id='word_1_77' title='bbox 821 1798 909 1862; x_wconf 86' lang='lat' dir='ltr'><strong>unde</strong></span> <span class='ocrx_word' id='word_1_78' title='bbox 920 1805 1007 1863; x_wconf 84' lang='lat' dir='ltr'><strong>certe</strong></span> <span class='ocrx_word' id='word_1_79' title='bbox 1018 1800 1124 1882; x_wconf 82' lang='lat' dir='ltr'><strong>rogari</strong></span> <span class='ocrx_word' id='word_1_80' title='bbox 1135 1798 1190 1863; x_wconf 86' lang='lat' dir='ltr'><strong>de·</strong></span> 
     </span>
     <span class='ocr_line' id='line_1_12' title="bbox 234 1898 1191 1986; baseline -0.003 -17"><span class='ocrx_word' id='word_1_81' title='bbox 234 1904 379 1969; x_wconf 76' lang='lat' dir='ltr'><strong>bueram</strong></span> <span class='ocrx_word' id='word_1_82' title='bbox 403 1900 580 1986; x_wconf 81' lang='lat' dir='ltr'><strong>Rogabam,</strong></span> <span class='ocrx_word' id='word_1_83' title='bbox 591 1922 634 1965; x_wconf 91' lang='lat' dir='ltr'><strong>ne</strong></span> <span class='ocrx_word' id='word_1_84' title='bbox 649 1900 854 1965; x_wconf 89' lang='lat' dir='ltr'><strong>commodum</strong></span> <span class='ocrx_word' id='word_1_85' title='bbox 868 1898 1010 1964; x_wconf 75' lang='lat' dir='ltr'><strong>ecclesia</strong></span> <span class='ocrx_word' id='word_1_86' title='bbox 1023 1907 1137 1965; x_wconf 76' lang='lat' dir='ltr'><strong>vestrae</strong></span> <span class='ocrx_word' id='word_1_87' title='bbox 1151 1921 1191 1966; x_wconf 89' lang='lat' dir='ltr'><strong>eo</strong></span> 
     </span>
     <span class='ocr_line' id='line_1_13' title="bbox 234 2000 1190 2091; baseline -0.005 -20"><span class='ocrx_word' id='word_1_88' title='bbox 234 2007 354 2091; x_wconf 90' lang='lat' dir='ltr'><strong>populo</strong></span> <span class='ocrx_word' id='word_1_89' title='bbox 366 2005 545 2090; x_wconf 89' lang='lat' dir='ltr'><strong>displiceret</strong></span> <span class='ocrx_word' id='word_1_90' title='bbox 557 2004 585 2068; x_wconf 91' lang='lat' dir='ltr'><strong>si</strong></span> <span class='ocrx_word' id='word_1_91' title='bbox 598 2023 726 2087; x_wconf 83' lang='lat' dir='ltr'><strong>paruos</strong></span> <span class='ocrx_word' id='word_1_92' title='bbox 737 2000 966 2088; x_wconf 86' lang='lat' dir='ltr'><strong>illudinparte</strong></span> <span class='ocrx_word' id='word_1_93' title='bbox 977 2003 1084 2086; x_wconf 90' lang='lat' dir='ltr'><strong>aliqua</strong></span> <span class='ocrx_word' id='word_1_94' title='bbox 1093 2003 1190 2066; x_wconf 91' lang='lat' dir='ltr'><strong>mini·</strong></span> 
     </span>
     <span class='ocr_line' id='line_1_14' title="bbox 234 2107 1190 2192; baseline -0.002 -19"><span class='ocrx_word' id='word_1_95' title='bbox 234 2109 330 2173; x_wconf 80' lang='lat' dir='ltr'><strong>strari</strong></span> <span class='ocrx_word' id='word_1_96' title='bbox 345 2108 558 2192; x_wconf 87' lang='lat' dir='ltr'><strong>contingeret.</strong></span> <span class='ocrx_word' id='word_1_97' title='bbox 587 2107 633 2171; x_wconf 74' lang='lat' dir='ltr'><strong>Et</strong></span> <span class='ocrx_word' id='word_1_98' title='bbox 648 2107 724 2191; x_wconf 89' lang='lat' dir='ltr'><strong>quia</strong></span> <span class='ocrx_word' id='word_1_99' title='bbox 736 2127 857 2190; x_wconf 81' lang='lat' dir='ltr'><strong>magna</strong></span> <span class='ocrx_word' id='word_1_100' title='bbox 870 2107 999 2191; x_wconf 86' lang='lat' dir='ltr'><strong>repulsa</strong></span> <span class='ocrx_word' id='word_1_101' title='bbox 1012 2113 1071 2186; x_wconf 86' lang='lat' dir='ltr'><strong>est,</strong></span> <span class='ocrx_word' id='word_1_102' title='bbox 1088 2129 1190 2191; x_wconf 91' lang='lat' dir='ltr'><strong>quum</strong></span> 
     </span>
     <span class='ocr_line' id='line_1_15' title="bbox 234 2208 1190 2293; baseline 0.003 -21"><span class='ocrx_word' id='word_1_103' title='bbox 234 2216 373 2293; x_wconf 83' lang='lat' dir='ltr'><strong>negatur</strong></span> <span class='ocrx_word' id='word_1_104' title='bbox 398 2209 501 2273; x_wconf 88' lang='lat' dir='ltr'><strong>amico</strong></span> <span class='ocrx_word' id='word_1_105' title='bbox 526 2209 614 2292; x_wconf 93' lang='lat' dir='ltr'><strong>quod</strong></span> <span class='ocrx_word' id='word_1_106' title='bbox 638 2208 802 2273; x_wconf 89' lang='lat' dir='ltr'><strong>modicum</strong></span> <span class='ocrx_word' id='word_1_107' title='bbox 825 2216 884 2289; x_wconf 86' lang='lat' dir='ltr'><strong>est,</strong></span> <span class='ocrx_word' id='word_1_108' title='bbox 905 2231 976 2274; x_wconf 89' lang='lat' dir='ltr'><strong>rem</strong></span> <span class='ocrx_word' id='word_1_109' title='bbox 999 2209 1089 2274; x_wconf 82' lang='lat' dir='ltr'><strong>vobis</strong></span> <span class='ocrx_word' id='word_1_110' title='bbox 1112 2218 1190 2276; x_wconf 88' lang='lat' dir='ltr'><strong>ante</strong></span> 
     </span>
     <span class='ocr_line' id='line_1_16' title="bbox 234 2311 1206 2414; baseline 0.002 -38"><span class='ocrx_word' id='word_1_111' title='bbox 234 2313 342 2377; x_wconf 88' lang='lat' dir='ltr'><strong>oculos</strong></span> <span class='ocrx_word' id='word_1_112' title='bbox 361 2332 457 2396; x_wconf 90' lang='lat' dir='ltr'><strong>pono,</strong></span> <span class='ocrx_word' id='word_1_113' title='bbox 472 2317 510 2376; x_wconf 89' lang='lat' dir='ltr'><strong>ut</strong></span> <span class='ocrx_word' id='word_1_114' title='bbox 532 2333 572 2376; x_wconf 83' lang='lat' dir='ltr'><strong>cx</strong></span> <span class='ocrx_word' id='word_1_115' title='bbox 592 2311 662 2394; x_wconf 89' lang='lat' dir='ltr'><strong>ipsa</strong></span> <span class='ocrx_word' id='word_1_116' title='bbox 680 2311 832 2396; x_wconf 88' lang='lat' dir='ltr'><strong>judicetis</strong></span> <span class='ocrx_word' id='word_1_117' title='bbox 852 2318 1011 2397; x_wconf 86' lang='lat' dir='ltr'><strong>quantum</strong></span> <span class='ocrx_word' id='word_1_118' title='bbox 1031 2320 1081 2378; x_wconf 88' lang='lat' dir='ltr'><strong>est</strong></span> <span class='ocrx_word' id='word_1_119' title='bbox 1101 2313 1206 2414; x_wconf 47' lang='lat' dir='ltr'><strong>quod‘</strong></span> 
     </span>
     <span class='ocr_line' id='line_1_17' title="bbox 234 2413 1188 2500; baseline 0.003 -21"><span class='ocrx_word' id='word_1_120' title='bbox 234 2415 424 2499; x_wconf 77' lang='lat' dir='ltr'><strong>rogaverim,</strong></span> <span class='ocrx_word' id='word_1_121' title='bbox 439 2421 473 2478; x_wconf 91' lang='lat' dir='ltr'><strong>et</strong></span> <span class='ocrx_word' id='word_1_122' title='bbox 488 2435 585 2497; x_wconf 89' lang='lat' dir='ltr'><strong>quam</strong></span> <span class='ocrx_word' id='word_1_123' title='bbox 599 2413 760 2478; x_wconf 90' lang='lat' dir='ltr'><strong>modicum</strong></span> <span class='ocrx_word' id='word_1_124' title='bbox 776 2414 863 2498; x_wconf 91' lang='lat' dir='ltr'><strong>quod</strong></span> <span class='ocrx_word' id='word_1_125' title='bbox 876 2417 1030 2500; x_wconf 83' lang='lat' dir='ltr'><strong>negastis.</strong></span> <span class='ocrx_word' id='word_1_126' title='bbox 1076 2416 1188 2483; x_wconf 83' lang='lat' dir='ltr'><strong>Quum</strong></span> 
     </span>
     <span class='ocr_line' id='line_1_18' title="bbox 234 2515 1189 2602; baseline 0.001 -21"><span class='ocrx_word' id='word_1_127' title='bbox 234 2537 308 2582; x_wconf 86' lang='lat' dir='ltr'><strong>vero</strong></span> <span class='ocrx_word' id='word_1_128' title='bbox 329 2516 370 2581; x_wconf 91' lang='lat' dir='ltr'><strong>de</strong></span> <span class='ocrx_word' id='word_1_129' title='bbox 392 2515 526 2581; x_wconf 88' lang='lat' dir='ltr'><strong>ecclesia</strong></span> <span class='ocrx_word' id='word_1_130' title='bbox 546 2516 602 2580; x_wconf 83' lang='lat' dir='ltr'><strong>illu</strong></span> <span class='ocrx_word' id='word_1_131' title='bbox 622 2523 757 2600; x_wconf 85' lang='lat' dir='ltr'><strong>partem,</strong></span> <span class='ocrx_word' id='word_1_132' title='bbox 779 2539 851 2602; x_wconf 82' lang='lat' dir='ltr'><strong>quae</strong></span> <span class='ocrx_word' id='word_1_133' title='bbox 870 2539 931 2582; x_wconf 90' lang='lat' dir='ltr'><strong>nos</strong></span> <span class='ocrx_word' id='word_1_134' title='bbox 952 2517 1123 2600; x_wconf 77' lang='lat' dir='ltr'><strong>contingit,</strong></span> <span class='ocrx_word' id='word_1_135' title='bbox 1147 2517 1189 2582; x_wconf 88' lang='lat' dir='ltr'><strong>ad</strong></span> 
     </span>
     <span class='ocr_line' id='line_1_19' title="bbox 234 2618 1189 2704; baseline 0.002 -21"><span class='ocrx_word' id='word_1_136' title='bbox 234 2620 365 2704; x_wconf 90' lang='lat' dir='ltr'><strong>plenum</strong></span> <span class='ocrx_word' id='word_1_137' title='bbox 402 2618 592 2704; x_wconf 86' lang='lat' dir='ltr'><strong>persolvero,</strong></span> <span class='ocrx_word' id='word_1_138' title='bbox 621 2619 770 2684; x_wconf 86' lang='lat' dir='ltr'><strong>ministro</strong></span> <span class='ocrx_word' id='word_1_139' title='bbox 799 2620 908 2685; x_wconf 70' lang='lat' dir='ltr'><strong>alteru</strong></span> <span class='ocrx_word' id='word_1_140' title='bbox 937 2620 1108 2684; x_wconf 89' lang='lat' dir='ltr'><strong>ministerii</strong></span> <span class='ocrx_word' id='word_1_141' title='bbox 1137 2621 1189 2685; x_wconf 91' lang='lat' dir='ltr'><strong>sui</strong></span> 
     </span>
     <span class='ocr_line' id='line_1_20' title="bbox 235 2721 1188 2806; baseline 0.002 -20"><span class='ocrx_word' id='word_1_142' title='bbox 235 2723 415 2788; x_wconf 87' lang='lat' dir='ltr'><strong>mercedem</strong></span> <span class='ocrx_word' id='word_1_143' title='bbox 436 2721 659 2806; x_wconf 75' lang='lat' dir='ltr'><strong>adimplevero,</strong></span> <span class='ocrx_word' id='word_1_144' title='bbox 675 2723 846 2806; x_wconf 89' lang='lat' dir='ltr'><strong>episcopali</strong></span> <span class='ocrx_word' id='word_1_145' title='bbox 868 2723 1054 2788; x_wconf 78' lang='lat' dir='ltr'><strong>auctoritati</strong></span> <span class='ocrx_word' id='word_1_146' title='bbox 1075 2722 1116 2787; x_wconf 88' lang='lat' dir='ltr'><strong>de</strong></span> <span class='ocrx_word' id='word_1_147' title='bbox 1137 2724 1188 2788; x_wconf 89' lang='lat' dir='ltr'><strong>his</strong></span> 
     </span>
     <span class='ocr_line' id='line_1_21' title="bbox 236 2825 1189 2910; baseline 0 -21"><span class='ocrx_word' id='word_1_148' title='bbox 236 2847 307 2910; x_wconf 78' lang='lat' dir='ltr'><strong>quoe</strong></span> <span class='ocrx_word' id='word_1_149' title='bbox 334 2832 411 2890; x_wconf 89' lang='lat' dir='ltr'><strong>sunt</strong></span> <span class='ocrx_word' id='word_1_150' title='bbox 440 2846 539 2910; x_wconf 90' lang='lat' dir='ltr'><strong>penes</strong></span> <span class='ocrx_word' id='word_1_151' title='bbox 570 2825 659 2890; x_wconf 88' lang='lat' dir='ltr'><strong>illam</strong></span> <span class='ocrx_word' id='word_1_152' title='bbox 688 2826 893 2910; x_wconf 85' lang='lat' dir='ltr'><strong>respondero,</strong></span> <span class='ocrx_word' id='word_1_153' title='bbox 922 2825 1189 2906; x_wconf 85' lang='lat' dir='ltr'><strong>emolumentum,</strong></span> 
     </span>
     <span class='ocr_line' id='line_1_22' title="bbox 235 2928 1188 3014; baseline -0.001 -20"><span class='ocrx_word' id='word_1_154' title='bbox 235 2928 320 3014; x_wconf 92' lang='lat' dir='ltr'><strong>quod</strong></span> <span class='ocrx_word' id='word_1_155' title='bbox 340 2929 392 2993; x_wconf 91' lang='lat' dir='ltr'><strong>his</strong></span> <span class='ocrx_word' id='word_1_156' title='bbox 411 2928 561 2993; x_wconf 91' lang='lat' dir='ltr'><strong>omnibus</strong></span> <span class='ocrx_word' id='word_1_157' title='bbox 576 2949 740 3012; x_wconf 78' lang='lat' dir='ltr'><strong>superesse</strong></span> <span class='ocrx_word' id='word_1_158' title='bbox 755 2928 903 3012; x_wconf 84' lang='lat' dir='ltr'><strong>contigit,</strong></span> <span class='ocrx_word' id='word_1_159' title='bbox 918 2928 972 2993; x_wconf 84' lang='lat' dir='ltr'><strong>vix</strong></span> <span class='ocrx_word' id='word_1_160' title='bbox 985 2928 1072 2993; x_wconf 88' lang='lat' dir='ltr'><strong>tanti</strong></span> <span class='ocrx_word' id='word_1_161' title='bbox 1086 2934 1135 2993; x_wconf 86' lang='lat' dir='ltr'><strong>est</strong></span> <span class='ocrx_word' id='word_1_162' title='bbox 1149 2935 1188 2993; x_wconf 93' lang='lat' dir='ltr'><strong>ut</strong></span> 
     </span>
     <span class='ocr_line' id='line_1_23' title="bbox 234 3028 1198 3116; baseline 0.001 -22"><span class='ocrx_word' id='word_1_163' title='bbox 234 3031 275 3094; x_wconf 88' lang='lat' dir='ltr'><strong>de</strong></span> <span class='ocrx_word' id='word_1_164' title='bbox 293 3031 355 3096; x_wconf 88' lang='lat' dir='ltr'><strong>hoc</strong></span> <span class='ocrx_word' id='word_1_165' title='bbox 374 3029 496 3094; x_wconf 88' lang='lat' dir='ltr'><strong>amicus</strong></span> <span class='ocrx_word' id='word_1_166' title='bbox 515 3028 556 3094; x_wconf 91' lang='lat' dir='ltr'><strong>ab</strong></span> <span class='ocrx_word' id='word_1_167' title='bbox 577 3028 760 3095; x_wconf 85' lang='lat' dir='ltr'><strong>amantibus</strong></span> <span class='ocrx_word' id='word_1_168' title='bbox 775 3052 810 3095; x_wconf 89' lang='lat' dir='ltr'><strong>se</strong></span> <span class='ocrx_word' id='word_1_169' title='bbox 824 3032 985 3115; x_wconf 88' lang='lat' dir='ltr'><strong>repulsam</strong></span> <span class='ocrx_word' id='word_1_170' title='bbox 1000 3031 1068 3116; x_wconf 89' lang='lat' dir='ltr'><strong>pati</strong></span> <span class='ocrx_word' id='word_1_171' title='bbox 1086 3029 1198 3107; x_wconf 65' lang='lat' dir='ltr'><strong>debu..</strong></span> 
     </span>
     <span class='ocr_line' id='line_1_24' title="bbox 235 3130 1187 3219; baseline 0.001 -22"><span class='ocrx_word' id='word_1_172' title='bbox 235 3133 305 3198; x_wconf 85' lang='lat' dir='ltr'><strong>erit.</strong></span> <span class='ocrx_word' id='word_1_173' title='bbox 351 3130 449 3198; x_wconf 83' lang='lat' dir='ltr'><strong>Unde</strong></span> <span class='ocrx_word' id='word_1_174' title='bbox 471 3132 499 3196; x_wconf 91' lang='lat' dir='ltr'><strong>si</strong></span> <span class='ocrx_word' id='word_1_175' title='bbox 520 3133 689 3196; x_wconf 89' lang='lat' dir='ltr'><strong>consilium</strong></span> <span class='ocrx_word' id='word_1_176' title='bbox 703 3139 846 3198; x_wconf 82' lang='lat' dir='ltr'><strong>vestmm</strong></span> <span class='ocrx_word' id='word_1_177' title='bbox 862 3134 982 3199; x_wconf 88' lang='lat' dir='ltr'><strong>mutari</strong></span> <span class='ocrx_word' id='word_1_178' title='bbox 996 3135 1137 3219; x_wconf 75' lang='lat' dir='ltr'><strong>placeret</strong></span> <span class='ocrx_word' id='word_1_179' title='bbox 1150 3135 1187 3198; x_wconf 91' lang='lat' dir='ltr'><strong>iu</strong></span> 
     </span>
     <span class='ocr_line' id='line_1_25' title="bbox 234 3233 1186 3320; baseline 0.001 -21"><span class='ocrx_word' id='word_1_180' title='bbox 234 3235 358 3314; x_wconf 86' lang='lat' dir='ltr'><strong>melius,</strong></span> <span class='ocrx_word' id='word_1_181' title='bbox 373 3233 534 3298; x_wconf 87' lang='lat' dir='ltr'><strong>haberetis</strong></span> <span class='ocrx_word' id='word_1_182' title='bbox 548 3253 601 3298; x_wconf 91' lang='lat' dir='ltr'><strong>me</strong></span> <span class='ocrx_word' id='word_1_183' title='bbox 616 3233 656 3298; x_wconf 90' lang='lat' dir='ltr'><strong>de</strong></span> <span class='ocrx_word' id='word_1_184' title='bbox 670 3255 706 3298; x_wconf 88' lang='lat' dir='ltr'><strong>re</strong></span> <span class='ocrx_word' id='word_1_185' title='bbox 720 3235 847 3299; x_wconf 88' lang='lat' dir='ltr'><strong>modica</strong></span> <span class='ocrx_word' id='word_1_186' title='bbox 861 3236 974 3318; x_wconf 85' lang='lat' dir='ltr'><strong>gratiae</strong></span> <span class='ocrx_word' id='word_1_187' title='bbox 988 3257 1116 3320; x_wconf 76' lang='lat' dir='ltr'><strong>maguae</strong></span> <span class='ocrx_word' id='word_1_188' title='bbox 1131 3235 1186 3300; x_wconf 89' lang='lat' dir='ltr'><strong>de-</strong></span> 
     </span>
     <span class='ocr_line' id='line_1_26' title="bbox 233 3337 1186 3420; baseline 0.001 -17"><span class='ocrx_word' id='word_1_189' title='bbox 233 3337 382 3417; x_wconf 87' lang='lat' dir='ltr'><strong>bitorem,</strong></span> <span class='ocrx_word' id='word_1_190' title='bbox 394 3343 427 3402; x_wconf 91' lang='lat' dir='ltr'><strong>et</strong></span> <span class='ocrx_word' id='word_1_191' title='bbox 441 3337 565 3416; x_wconf 87' lang='lat' dir='ltr'><strong>clerico,</strong></span> <span class='ocrx_word' id='word_1_192' title='bbox 580 3337 638 3414; x_wconf 91' lang='lat' dir='ltr'><strong>illi,</strong></span> <span class='ocrx_word' id='word_1_193' title='bbox 651 3338 704 3402; x_wconf 75' lang='lat' dir='ltr'><strong>cusi</strong></span> <span class='ocrx_word' id='word_1_194' title='bbox 717 3359 787 3402; x_wconf 90' lang='lat' dir='ltr'><strong>rem</strong></span> <span class='ocrx_word' id='word_1_195' title='bbox 800 3338 960 3404; x_wconf 86' lang='lat' dir='ltr'><strong>hactenus</strong></span> <span class='ocrx_word' id='word_1_196' title='bbox 974 3340 1186 3420; x_wconf 85' lang='lat' dir='ltr'><strong>concessistis,</strong></span> 
     </span>
     <span class='ocr_line' id='line_1_27' title="bbox 233 3439 1187 3520; baseline 0.001 -15"><span class='ocrx_word' id='word_1_197' title='bbox 233 3441 283 3505; x_wconf 83' lang='lat' dir='ltr'><strong>vel</strong></span> <span class='ocrx_word' id='word_1_198' title='bbox 304 3441 346 3505; x_wconf 89' lang='lat' dir='ltr'><strong>ad</strong></span> <span class='ocrx_word' id='word_1_199' title='bbox 365 3445 477 3505; x_wconf 87' lang='lat' dir='ltr'><strong>votum</strong></span> <span class='ocrx_word' id='word_1_200' title='bbox 496 3439 722 3520; x_wconf 78' lang='lat' dir='ltr'><strong>satisfacerem,</strong></span> <span class='ocrx_word' id='word_1_201' title='bbox 737 3440 787 3505; x_wconf 86' lang='lat' dir='ltr'><strong>vel</strong></span> <span class='ocrx_word' id='word_1_202' title='bbox 809 3442 960 3506; x_wconf 88' lang='lat' dir='ltr'><strong>adversus</strong></span> <span class='ocrx_word' id='word_1_203' title='bbox 982 3463 1057 3507; x_wconf 89' lang='lat' dir='ltr'><strong>eum</strong></span> <span class='ocrx_word' id='word_1_204' title='bbox 1075 3463 1132 3506; x_wconf 84' lang='lat' dir='ltr'><strong>vos</strong></span> <span class='ocrx_word' id='word_1_205' title='bbox 1150 3442 1187 3506; x_wconf 90' lang='lat' dir='ltr'><strong>in</strong></span> 
     </span>
     <span class='ocr_line' id='line_1_28' title="bbox 232 3542 1186 3627; baseline 0 -19"><span class='ocrx_word' id='word_1_206' title='bbox 232 3543 321 3608; x_wconf 92' lang='lat' dir='ltr'><strong>omui</strong></span> <span class='ocrx_word' id='word_1_207' title='bbox 350 3542 515 3608; x_wconf 84' lang='lat' dir='ltr'><strong>audientia</strong></span> <span class='ocrx_word' id='word_1_208' title='bbox 543 3542 584 3607; x_wconf 87' lang='lat' dir='ltr'><strong>ad</strong></span> <span class='ocrx_word' id='word_1_209' title='bbox 620 3543 754 3627; x_wconf 89' lang='lat' dir='ltr'><strong>plenum</strong></span> <span class='ocrx_word' id='word_1_210' title='bbox 782 3543 978 3608; x_wconf 84' lang='lat' dir='ltr'><strong>excusabiles</strong></span> <span class='ocrx_word' id='word_1_211' title='bbox 1006 3544 1186 3624; x_wconf 88' lang='lat' dir='ltr'><strong>redderem,</strong></span> 
     </span>
     <span class='ocr_line' id='line_1_29' title="bbox 232 3644 1184 3730; baseline 0.003 -21"><span class='ocrx_word' id='word_1_212' title='bbox 232 3644 325 3729; x_wconf 81' lang='lat' dir='ltr'><strong>Rogo</strong></span> <span class='ocrx_word' id='word_1_213' title='bbox 350 3645 431 3709; x_wconf 88' lang='lat' dir='ltr'><strong>mihi</strong></span> <span class='ocrx_word' id='word_1_214' title='bbox 460 3666 517 3730; x_wconf 87' lang='lat' dir='ltr'><strong>per</strong></span> <span class='ocrx_word' id='word_1_215' title='bbox 545 3646 752 3729; x_wconf 85' lang='lat' dir='ltr'><strong>praesentium</strong></span> <span class='ocrx_word' id='word_1_216' title='bbox 774 3647 910 3711; x_wconf 90' lang='lat' dir='ltr'><strong>latorem</strong></span> <span class='ocrx_word' id='word_1_217' title='bbox 934 3647 1045 3713; x_wconf 81' lang='lat' dir='ltr'><strong>literas</strong></span> <span class='ocrx_word' id='word_1_218' title='bbox 1069 3653 1184 3712; x_wconf 74' lang='lat' dir='ltr'><strong>vestrae</strong></span> 
     </span>
     <span class='ocr_line' id='line_1_30' title="bbox 229 3746 863 3814; baseline -0.002 -1"><span class='ocrx_word' id='word_1_219' title='bbox 229 3746 406 3813; x_wconf 80' lang='lat' dir='ltr'><strong>voluntatis</strong></span> <span class='ocrx_word' id='word_1_220' title='bbox 419 3746 541 3813; x_wconf 86' lang='lat' dir='ltr'><strong>indices</strong></span> <span class='ocrx_word' id='word_1_221' title='bbox 555 3747 739 3814; x_wconf 87' lang='lat' dir='ltr'><strong>remittatis.</strong></span> <span class='ocrx_word' id='word_1_222' title='bbox 771 3749 863 3814; x_wconf 88' lang='lat' dir='ltr'><strong>Vale.</strong></span> 
     </span>
    </p>
   </div>
   <div class='ocr_carea' id='block_1_3' title="bbox 0 0 1618 5192">
    <p class='ocr_par' dir='ltr' id='par_1_3' title="bbox 0 0 1618 5192">
     <span class='ocr_line' id='line_1_31' title="bbox 0 0 1618 5192; baseline 0 1"><span class='ocrx_word' id='word_1_223' title='bbox 0 0 1618 5192; x_wconf 95' lang='lat' dir='ltr'><strong> </strong></span> 
     </span>
    </p>
   </div>
  </div>
 </body>
</html>
