3225 5192
364 678 406 741 70
611 688 770 735 ornanum
788 686 906 732 romor
923 684 1069 729 sanaris

362 810 539 908 obedimus,
555 832 574 873 a
589 810 682 893 cujus
696 807 864 873 voluntate
883 804 1016 882 resilire,
1036 800 1139 865 instar
1159 800 1318 884 sacrilegii

359 914 551 1001 judicamus.
597 912 639 976 In
658 911 709 974 his
727 930 801 973 vero
819 929 891 993 qua
910 926 1079 991 pessuma
1099 910 1133 969 et
1153 903 1317 983 debemus,

363 1016 527 1081 mandatis
548 1013 660 1079 vestris
683 1011 884 1096 acquiescere
905 1009 1150 1097 parati'sumus.
1195 1007 1319 1070 Verum

364 1096 410 1182 ἰιιι
426 1138 490 1201 quo
516 1116 657 1181 ecclesiae
686 1114 860 1179 auctoritas
885 1110 1071 1190 offenditur,
1101 1110 1198 1193 piena
1226 1108 1320 1173 uobis

365 1220 525 1307 excusatio
543 1226 601 1297 est,
622 1218 650 1282 si
670 1216 757 1303 quod
776 1236 844 1280 non
864 1213 1029 1291 debemus,
1045 1213 1215 1297 exigimur.
1252 1213 1319 1276 Va·

364 1322 430 1387 leat
444 1322 479 1385 in
495 1328 688 1405 perpetuum
705 1318 886 1384 sublimitas
899 1324 1016 1381 vestra.

528 1424 558 1457 Χ

366 1638 588 1704 EPISTOLA
605 1637 795 1702 LHL-an
808 1656 1004 1699 secunluuu
1017 1652 1321 1698 saaasararcusau

746 1760 949 1804 aulaeorum

369 1894 464 1957 Patri
477 1912 532 1955 arao
548 1897 578 1954 et
589 1890 712 1953 domiuo
720 1890 752 1953 J.
764 1890 993 1953 Sareabem'eaai
1002 1889 1064 1952 Dei
1071 1890 1181 1971 pratia
1191 1889 1325 1951 ecclesie

355 2045 357 2053 .
413 1996 564 2079 episcopo,
576 1992 685 2075 frater
702 1994 740 2057 G.
757 1994 936 2057 Gloceatriae
953 1993 1056 2056 dictus
1073 1992 1179 2069 abbas,
1193 1992 1324 2055 aolidem

413 2104 444 2161 et
458 2099 625 2162 amcitiam.

413 2248 533 2312 Uaonr
555 2266 607 2311 me
628 2247 816 2331 importuna
837 2246 950 2312 Alardi
975 2245 1184 2310 lamentantis
1204 2245 1324 2330 impro-

370 2350 464 2427 bitas,
474 2355 513 2413 ut
525 2349 610 2433 quod
624 2348 707 2413 forte
717 2348 906 2432 negandum
917 2356 1002 2413 esset
1016 2349 1202 2427 temeritati,
1213 2347 1326 2432 negari

371 2460 512 2538 nequeat
526 2452 736 2537 improbitati.
769 2453 868 2518 Unde
882 2474 992 2537 preces
1007 2452 1198 2517 sublimitati
1212 2460 1326 2517 vestra

373 2558 467 2622 solita
496 2556 693 2621 confidentia
720 2557 920 2640 porrigant
946 2578 1044 2641 quam
1068 2557 1104 2619 in
1127 2554 1326 2621 Adelardum

373 2659 545 2726 intendisti
566 2659 618 2724 vel
642 2660 711 2743 jam
734 2660 850 2725 dedisti
873 2660 1078 2738 sententiam,
1100 2680 1139 2724 ea
1160 2680 1225 2743 qua
1244 2659 1327 2722 filios

374 2762 533 2829 consolari
542 2769 669 2847 oportet
680 2761 853 2829 sobrietate
863 2764 1018 2847 levigetis,
1027 2770 1065 2828 ut
1076 2784 1136 2827 nec
1145 2768 1328 2847 quassatam

374 2866 584 2950 confringatis
606 2866 808 2945 arundinem,
823 2886 884 2930 nec
897 2866 1002 2930 linum
1016 2866 1146 2931 fumans
1160 2866 1327 2948 extingua-

374 2971 426 3033 tis.
472 2970 524 3031 Dc
546 2967 642 3032 rebus
664 2967 844 3051 presbyteri
866 2988 945 3051 quas
963 2970 1051 3051 juste
1072 2968 1193 3051 petitis,
1208 2967 1329 3051 siquid

375 3071 510 3134 minime
526 3070 716 3133 restitutum
736 3077 795 3146 est,
811 3070 938 3153 plenius
960 3070 1020 3133 sub
1039 3072 1218 3152 juramenti
1239 3077 1329 3135 taxa·

374 3174 463 3237 tione
487 3170 647 3235 restituet.
696 3171 731 3233 Si
754 3172 789 3234 in
811 3170 1004 3253 dignitatem
1023 3178 1162 3235 vestram
1185 3193 1329 3255 quoquo·

375 3274 472 3338 modo
487 3280 718 3356 praesumptum
734 3279 792 3351 est,
804 3273 1029 3337 misericordiae
1043 3281 1156 3338 vestrae
1170 3274 1331 3359 condigne

375 3376 558 3440 satisfaciet.
613 3375 726 3438 Unum
758 3382 869 3440 tamen
901 3398 1052 3459 rogamus
1084 3377 1261 3457 humiliter,
1292 3386 1331 3443 nt

376 3478 462 3562 quod
476 3477 559 3541 nulli
573 3476 766 3561 parochiano
777 3486 883 3543 restro
897 3480 1053 3544 hactenus
1067 3500 1186 3565 negare
1196 3502 1330 3545 consue·

375 3581 477 3657 vistis,
490 3580 551 3664 ipsi
563 3580 600 3651 in
615 3580 749 3647 ecclesia
763 3581 804 3647 de
818 3582 1070 3648 Einchamstude
1084 3584 1277 3663 concedatis,
1292 3590 1331 3649 nt

375 3702 546 3766 personam
559 3683 650 3749 vobis
667 3692 842 3767 praesentet
860 3686 1021 3766 idoneam,
1038 3708 1135 3770 quam
1149 3688 1184 3750 in
1198 3689 1332 3772 praefata

376 3786 508 3865 ecclesia
522 3785 706 3852 ministrare
725 3789 929 3872 permittatis.
976 3790 1110 3855 Justum
1123 3799 1233 3855 tamen
1247 3792 1331 3856 foret

377 3888 461 3953 sicut
477 3889 684 3963 donationem
700 3890 916 3971 ecclesiarum,
931 3892 979 3957 ita
997 3900 1031 3958 et
1048 3894 1331 3977 praesentationem

376 4012 584 4075 personarum
610 3993 765 4057 laicorum
790 4016 860 4059 non
881 4017 959 4074 esse,
983 3980 1040 4060 sed
1064 3998 1150 4081 quod
1172 3996 1209 4060 in
1230 4018 1333 4081 regno

375 4096 438 4159 isto
467 4096 614 4161 nondum
647 4096 682 4159 in
717 4098 984 4163 consuetudinem
1017 4100 1189 4164 inductum
1223 4107 1282 4180 est,
1312 4122 1332 4164 a

378 4199 521 4262 minimis
540 4198 685 4264 inchoari
700 4221 767 4263 non
783 4208 920 4280 oportet,
936 4224 997 4266 nec
1012 4225 1032 4267 a
1045 4204 1224 4268 minoribus
1239 4204 1333 4288 exigi,

378 4302 468 4404 quod
494 4324 513 4365 a
543 4302 718 4385 majoribus
749 4312 890 4387 nequeat
921 4306 1112 4388 extorqueri.
1169 4307 1204 4370 Si
1233 4307 1335 4391 igitur
