3225 5192
270 658 553 741 n.1›.1161-89.]
605 680 1048 728 nounourrusrsrmronrt.
1155 666 1220 732 295

269 801 302 860 et
321 794 447 860 tamdiu
467 816 638 878 suspensos
656 798 805 876 teneatis,
821 797 925 865 donec
947 799 1109 884 condigne
1129 804 1220 867 sntio

267 899 406 964 faotione
434 898 649 966 restitutionis
680 899 818 982 gratiam
844 923 863 964 a
888 901 982 967 nobis
1007 901 1218 970 obtinuerint.

269 1003 394 1068 Valete.

289 1319 511 1386 EPISTOLA
534 1320 743 1386 cent-m
760 1340 980 1386 cnsrnrusru
997 1342 1196 1390 rrrscorurr.

268 1471 418 1534 Domt'mu
438 1470 663 1535 [londoniensis
684 1471 806 1536 domim
828 1473 992 1551 Ceslrensl,
1011 1473 1122 1536 solutis
1140 1494 1219 1556 you-

310 1573 404 1652 dion,
431 1579 462 1636 el
491 1594 559 1638 cum
584 1575 668 1638 omrai
697 1575 859 1640 hilaritate
874 1581 1029 1657 prompte
1051 1577 1221 1642 derelictus

312 1676 494 1758 obsequium.

312 1825 406 1891 Quos
435 1826 539 1906 nobis,
570 1827 710 1906 domine,
736 1827 844 1892 reddit
873 1834 991 1894 nature
1019 1829 1218 1915 conjunctos,

264 1951 333 1993 non
348 1930 425 1994 sinit
437 1929 560 1994 anobis
574 1930 658 1995 ratio
673 1930 817 1994 caritatis
828 1951 897 1994 esse
909 1929 1096 2014 disjunctos.
1120 1931 1218 1996 Unde

267 2039 369 2096 estut
383 2053 494 2098 eorum
509 2032 658 2118 negotiis,
674 2040 834 2118 quantum
854 2053 929 2098 cum
950 2032 1022 2098 Deo
1041 2040 1074 2099 et
1090 2034 1219 2118 justitie

266 2155 445 2218 possumus,
468 2157 529 2202 nor
555 2134 725 2202 conueniet
753 2135 934 2216 intendere,
958 2144 1079 2220 etque
1107 2143 1219 2202 nostre

266 2238 433 2322 diligentie
447 2239 489 2304 od
503 2246 650 2322 optatum
668 2240 802 2324 perduci
817 2239 957 2306 debeant
971 2239 1134 2318 effectum,
1149 2261 1217 2305 mo-

264 2342 313 2406 dis
327 2342 477 2408 omnibus
492 2343 647 2408 lsborere.
693 2342 857 2409 Quonim
875 2343 976 2426 igitur
991 2342 1107 2428 saepius
1122 2363 1217 2427 cxpe-

265 2447 405 2512 rimento
418 2444 516 2511 vestri
530 2445 635 2528 gratio
649 2445 820 2510 didicimus
835 2446 912 2528 quid
926 2446 1013 2528 opud
1026 2445 1216 2510 benevolen-

264 2546 345 2610 tiam
356 2551 495 2610 vestrum
508 2544 544 2608 in
559 2543 678 2610 nostris
693 2550 726 2609 et
740 2550 926 2610 nostrorum
940 2546 1079 2629 negotiis
1093 2547 1217 2612 efficere

264 2647 433 2732 possimus,
449 2653 537 2712 certa
552 2645 787 2731 quodammodo
809 2668 882 2730 spes
903 2647 997 2714 nobis
1016 2648 1217 2733 promittitur

264 2772 304 2816 ex
324 2751 497 2838 preterito,
519 2751 605 2836 quod
626 2752 741 2816 inuste
761 2749 851 2815 vobis
872 2751 1048 2818 liberaliter
1068 2752 1216 2836 refriges-

264 2875 335 2920 cere
356 2855 479 2921 nescu
500 2854 535 2920 in
557 2855 677 2920 furtiuo.
724 2854 955 2920 Deuotiseimes
975 2855 1086 2938 itaque
1107 2855 1217 2920 literne

264 2978 373 3042 preces
386 2965 517 3036 vestroe
529 2957 692 3024 carissime
706 2957 807 3022 freter
821 2964 855 3022 et
870 2956 1010 3036 domine,
1022 2958 1141 3024 affectu
1151 2979 1217 3042 quo

264 3059 415 3125 solebatis
427 3060 465 3124 ei
485 3060 590 3144 ploret
612 3059 757 3144 occipite,
773 3067 807 3126 et
829 3060 866 3124 in
885 3061 926 3124 R.
947 3066 1086 3143 cognato
1104 3068 1217 3126 nosen

264 3165 320 3247 qui
343 3163 509 3230 sanctitati
529 3169 643 3228 vestre
666 3162 750 3228 sieut
775 3162 965 3242 audivimus,
988 3162 1030 3229 ed
1050 3161 1217 3230 ecclesiam

264 3267 305 3331 dc
316 3265 498 3332 Ideleshcm
512 3271 726 3350 presentetur
741 3271 801 3344 est,
816 3264 920 3350 ipsam
934 3265 997 3330 sibi
1011 3265 1216 3346 conferendo,

263 3391 331 3434 non
360 3376 527 3436 remorata
556 3391 677 3434 munus
708 3369 925 3435 institutionis
954 3369 1041 3454 quod
1076 3369 1217 3455 petimus

264 3471 446 3557 adimplete.
491 3472 604 3540 Nostis
621 3493 767 3557 ,nemque
787 3480 919 3556 quante
939 3473 1066 3540 soleant
1084 3474 1122 3538 in
1142 3473 1215 3538 toli·

264 3575 324 3640 bus
338 3573 520 3642 occasiones
534 3597 574 3640 ex
588 3597 678 3642 moro
691 3576 835 3662 reperiri,
848 3598 921 3660 que
933 3577 1062 3660 presuli
1076 3577 1216 3660 plerum·
1313 3570 1320 3585 “

264 3699 326 3761 quo
348 3679 574 3746 auctoritatem
596 3679 790 3746 instituendi
816 3679 972 3760 adimant,
996 3687 1030 3746 et
1054 3701 1098 3744 ne
1122 3679 1216 3746 insti·

263 3780 404 3846 tuendns
422 3782 579 3850 beneficio
599 3782 686 3868 quod
707 3782 768 3848 sibi
786 3784 876 3868 juste
898 3783 1037 3848 conferri
1058 3782 1217 3866 potuisset

264 3883 412 3966 gaudeat,
438 3884 551 3969 inique
576 3885 780 3970 quorundam
806 3885 982 3952 colliditcte
1006 3885 1216 3982 prepediant.

263 3985 382 4068 Divino
396 4008 473 4072 ergo
487 3989 704 4056 misericordis
718 3989 841 4054 viscere
857 3988 988 4075 pietatis
999 3995 1115 4082 yestrae
1130 4009 1218 4053 com·

263 4096 399 4171 movent,
415 4111 487 4174 que
501 4091 595 4157 nobis
615 4099 664 4156 est
684 4091 726 4156 od
744 4113 799 4156 vos
819 4091 948 4158 dileetio
962 4091 1107 4156 simulet
1122 4090 1215 4156 devo-

262 4193 309 4259 tio
317 4219 327 4272 ς
342 4194 378 4258 in
393 4195 559 4260 cumulum
571 4194 714 4260 canunt
725 4195 866 4276 accedet,
878 4194 1031 4279 quatinus
1045 4193 1216 4277 prefatum

263 4298 302 4361 R.
318 4297 353 4362 in
367 4297 553 4383 praescripto
568 4298 699 4382 negotio
714 4297 894 4384 dignemini
914 4316 1110 4382 promovere,
1125 4303 1159 4362 et
1174 4295 1216 4361 ob
