3225 5192
409 669 473 728 324
719 689 881 732 ornanum
899 690 1048 734 ariscori

413 803 586 881 notificare,
603 811 636 868 et
659 803 832 888 episcopali
851 805 1043 870 auctoritate
1062 807 1253 872 confirmare
1272 828 1364 871 cure·

414 907 526 972 umus.
573 904 635 972 His
651 907 812 972 testibus.
831 957 839 970 .
857 957 865 971 .
882 956 890 973 .

538 1209 759 1274 EPIS'POLA
781 1209 1073 1276 comm—in
1088 1229 1233 1274 resona.

417 1363 455 1426 G.
472 1362 533 1425 Dei
548 1364 656 1444 pretio
676 1361 898 1426 londoniensis
916 1363 1085 1444 episcopus,
1101 1361 1241 1423 omnibus
1253 1369 1368 1424 sancis

457 1467 568 1528 matris
582 1467 714 1528 ecclesia
728 1467 889 1543 ministris,
904 1485 1022 1528 menon
1040 1471 1071 1527 et
1089 1465 1242 1526 anivmsis
1260 1464 1366 1528 cnm

459 1571 552 1632 lianc
565 1569 769 1650 professionis
786 1571 820 1631 in
833 1589 892 1631 mo
906 1569 1030 1631 diecesi
1044 1567 1312 1645 commorantibus,
1327 1569 1371 1630 nd

457 1693 532 1754 quos
551 1673 649 1735 litero
669 1674 737 1735 istoe
753 1676 960 1754 peremerint,
976 1672 1196 1752 compassionis
1209 1671 1368 1734 abundare

457 1773 633 1838 visceribus.

458 1931 590 1994 Garun
605 1931 638 1994 in
656 1930 757 2009 nobis,
774 1930 891 1994 fratres
905 1929 1070 2007 carissimi,
1086 1929 1279 2012 evangelicae
1294 1929 1368 1994 doc-

415 2033 509 2098 trinae
523 2034 673 2117 frequens
689 2041 721 2096 et
737 2033 925 2119 quotidiana
946 2032 1134 2110 admonitio,
1151 2054 1215 2116 qua
1235 2033 1367 2096 instrui-

415 2157 488 2200 mur
508 2145 542 2200 et
564 2137 786 2216 informamur,
802 2137 872 2222 opis
886 2136 1110 2220 indigentibus
1125 2158 1259 2200 manum
1275 2137 1368 2200 mise-

413 2238 558 2303 rioordiae
578 2239 725 2303 alacriter
744 2238 917 2324 porrigere,
933 2246 965 2304 et
986 2261 1210 2323 oppressorum
1230 2240 1368 2304 necmi-

414 2341 537 2406 tatibus
560 2343 629 2406 oaeli
653 2342 797 2408 remedio
818 2343 1014 2408 occurrendo
1037 2342 1217 2406 subvenire.
1264 2343 1369 2427 Serip-
1432 2401 1435 2405 ,

415 2455 487 2510 turn
502 2467 641 2529 namque
656 2453 715 2525 est,
732 2447 847 2511 ‘Alter
861 2447 993 2511 alterius
1008 2465 1108 2510 onera
1120 2454 1258 2530 portate,
1274 2456 1308 2510 et
1325 2446 1370 2509 sic

417 2547 662 2632 adimplebimus
677 2548 781 2630 legem
797 2548 941 2613 Christi!
981 2549 1026 2612 Et
1041 2549 1178 2612 iterum:
1203 2547 1369 2613 ‘Hilarem

417 2651 562 2716 datorem
585 2649 690 2734 diligit
712 2651 823 2715 Deus.'
867 2651 911 2713 Et
934 2649 1031 2714 alibi:
1056 2649 1161 2713 ‘Date
1184 2659 1218 2712 et
1241 2650 1370 2714 dabitur

417 2753 528 2819 vobis!
573 2755 617 2817 Et
645 2753 784 2817 iterum:
818 2753 963 2817 ‘Caritas
992 2753 1096 2836 operit
1126 2754 1370 2818 multitudinem

417 2857 644 2940 peecatorum’
688 2857 732 2920 Et
754 2855 849 2920 alibi:
873 2855 1020 2920 ‘Caritas
1040 2877 1209 2939 nunquam
1231 2857 1371 2921 excidit!

424 2959 495 3024 Nos
511 2960 611 3042 igitur
625 2959 766 3023 eoelesiae
781 2967 900 3022 sanctae
915 2957 1047 3041 virginis
1062 2957 1106 3020 N.
1122 2966 1156 3021 et
1170 2957 1325 3022 fratribus
1341 2960 1377 3022 in

419 3053 540 3126 Christi
562 3062 689 3125 servitio
708 3062 827 3126 ibidem
848 3061 1122 3126 commorantibus
1137 3061 1285 3125 alacriter
1299 3083 1371 3126 suo-

420 3173 596 3241 currentes,
614 3165 836 3249 unusquisque
854 3164 949 3247 juxta
969 3163 1132 3227 facultatis
1153 3185 1221 3228 suae
1242 3185 1372 3228 menan-

418 3289 488 3334 ram
514 3267 714 3332 imminentis
739 3269 939 3352 paupertatis
962 3268 1223 3350 aggravationem
1249 3268 1372 3331 miseri·

420 3372 559 3436 corditer
573 3381 809 3457 supportemus,
821 3379 854 3436 et
869 3371 911 3435 ad
924 3370 1207 3435 reaedificationem
1221 3371 1372 3451 ecclesiae,

419 3474 504 3558 ignis
526 3475 676 3540 incendio
690 3484 832 3553 vastatae,
848 3473 969 3559 aliquid
991 3473 1031 3537 de
1053 3473 1217 3538 beneficiis
1239 3472 1375 3538 nobiae

420 3577 491 3641 Deo
513 3578 646 3656 collatis,
663 3599 737 3643 oum
758 3579 863 3643 cordis
882 3577 1045 3642 hilaritate
1063 3578 1249 3661 largiamur.
1295 3578 1374 3642 Om-

418 3678 514 3742 nibus
529 3687 638 3743 autem
655 3682 710 3764 qui
730 3680 772 3744 ad
790 3681 962 3764 praefatum
984 3702 1064 3764 opus
1083 3680 1376 3760 misericorditem

419 3781 596 3846 devotionis
616 3783 877 3867 intentioneque
897 3791 1024 3867 oportet
1043 3805 1177 3847 manum
1198 3784 1373 3848 auxiliatri-

420 3906 489 3950 cem
510 3886 719 3970 porrexerint,
735 3885 775 3950 de
797 3886 931 3950 Domini
946 3886 1050 3968 gratia
1072 3893 1105 3950 et
1127 3887 1250 3950 meritis
1272 3893 1374 3949 tantae

420 3988 551 4072 virginis
566 3988 687 4067 confisi,
704 3987 874 4053 duodecim
895 3988 961 4052 dies
982 3988 1023 4051 de
1043 3988 1236 4071 paenitentia
1250 4008 1310 4050 sua
1323 4008 1373 4050 re-

417 4091 572 4171 laxamus,
594 4100 627 4157 et
648 4091 807 4158 bonorum
829 4092 976 4156 omnium
1000 4112 1073 4176 quae
1095 4091 1132 4156 in
1153 4099 1266 4156 nostra
1280 4091 1374 4156 ‚fiunt

419 4195 560 4275 ecclesia,
581 4195 752 4280 adjuvante
774 4196 926 4274 Domino,
946 4215 1000 4260 eos
1021 4195 1192 4280 participes
1214 4195 1373 4260 eonstitu-

418 4319 513 4364 imus.
