3225 5192
262 683 329 727 ιιι.
349 662 546 747 1161-89.]
592 682 1035 729 nosnoninssvssnsroua.
1149 665 1215 731 265

261 818 359 881 quam
380 804 529 881 pereunt,
544 796 601 862 sed
620 796 650 863 ei
669 816 689 865 a
709 817 774 880 quo
794 796 915 862 donata
936 803 1023 875 sunt,
1045 795 1082 863 in
1101 817 1215 881 perpe-

260 906 355 965 tuum
375 900 489 983 utiquo
507 906 721 977 reservantur.
765 898 850 965 Inde
865 904 924 978 est,
940 898 1028 983 quod
1044 899 1214 967 caritatem

260 1011 399 1067 vestram
425 1024 666 1071 commonemus
695 1002 731 1069 in
760 1002 913 1081 Domino,
938 1003 1090 1085 quatinus
1118 1003 1214 1069 latori

260 1105 468 1189 praesentium
490 1106 530 1169 R.
552 1106 607 1189 qui
627 1104 668 1170 ob
689 1126 833 1169 amorem
852 1105 916 1170 Dei
934 1114 968 1169 et
988 1106 1126 1169 salutem
1145 1106 1213 1169 ani·

260 1198 323 1271 mae
343 1229 419 1285 suoe,
439 1207 482 1270 ad
499 1206 709 1271 reficiendum
730 1214 865 1291 pontem
886 1208 927 1271 de
950 1207 1120 1271 Londonia
1138 1228 1214 1291 ope-

261 1330 330 1373 ram
350 1308 482 1392 prabet,
498 1309 538 1374 de
558 1308 766 1375 facultatibus
785 1308 907 1387 vestris,
927 1316 1023 1392 prout
1036 1308 1127 1373 vobis
1147 1309 1213 1373 Do-

261 1410 369 1475 minus
388 1410 599 1495 inspiraverit,
616 1410 746 1495 aliquod
765 1410 921 1477 auxilium
940 1410 1122 1490 conferatis,
1137 1418 1176 1475 ut
1195 1432 1215 1475 a

262 1512 332 1579 Deo
342 1513 384 1579 ob
395 1514 501 1598 ipsum
516 1516 633 1580 collata
652 1515 704 1579 die
718 1514 774 1578 illa
787 1514 824 1578 in
839 1516 1028 1598 centuplum
1041 1514 1213 1597 recipiatis.

264 1614 427 1681 Omnibus
442 1626 552 1681 autem
566 1618 621 1701 qui
642 1619 672 1682 ei
690 1617 731 1681 ad
748 1616 939 1702 praedictum
954 1639 1033 1701 opus
1048 1618 1214 1701 perficien-

262 1718 341 1785 dum
364 1720 494 1803 aliquod
515 1720 708 1787 beneficium
728 1720 948 1805 praestiterint,
971 1720 1155 1787 orationum
1180 1728 1214 1783 et

262 1822 492 1889 beneficiorum
512 1823 653 1891 ecclesia
673 1830 792 1890 nostra
810 1830 936 1907 partem
950 1823 1167 1903 concedimus,
1181 1829 1215 1891 et

262 1924 394 2009 insuper
413 1925 454 1991 de
472 1926 608 1993 Domini
626 1926 739 1993 confisi
758 1926 984 2005 misericordia,
1000 1925 1154 1991 confessis
1174 1925 1215 1993 dc

262 2028 455 2111 poenitentia
468 2050 528 2095 sua
542 2029 658 2113 viginti
672 2029 740 2095 dias
754 2028 946 2095 relaxamus.
976 2027 1101 2093 valete.

384 2328 611 2397 EPISTOLA
632 2328 939 2397 camma-an
951 2349 1097 2395 nosnau.

267 2478 305 2542 G.
320 2478 382 2542 Dei
399 2480 508 2562 qrct’ur
529 2480 752 2544 Londonieasia
773 2480 940 2562 episcopor,
957 2478 1080 2542 dilectis
1099 2478 1160 2540 ribi
1180 2478 1216 2541 ia

305 2582 438 2647 Domino
460 2583 612 2647 universio
634 2588 748 2647 coarto
772 2582 885 2645 mamb
908 2582 1043 2645 coclerio
1060 2580 1150 2663 filiis,
1174 2581 1218 2643 od

307 2704 382 2772 quos
396 2687 494 2751 litero
507 2689 575 2751 islo
583 2686 791 2769 pervenerint,
806 2686 938 2748 calmem
950 2685 985 2747 ia
1002 2684 1135 2747 Uiriato.

307 2840 414 2909 Quum
430 2840 620 2909 venerabilis
634 2841 734 2909 frater
748 2847 859 2905 noster
873 2836 1036 2903 Bobertus
1055 2836 1155 2903 abbas
1175 2835 1215 2903 de

267 2940 417 3027 [lb]reio‚
441 2950 475 3011 at
500 2943 704 3011 Herlevviuus
729 2941 863 3009 clericus
893 2940 933 3007 de
962 2938 1133 3025 Dochinge
1156 2959 1215 3022 pro

263 3066 368 3126 causa,
385 3068 457 3130 quae
470 3048 557 3121 inter
572 3068 625 3113 eos
640 3066 737 3130 super
751 3044 884 3111 decimis
902 3044 942 3111 de
961 3043 1132 3125 Dochinge
1147 3063 1215 3109 ver·

262 3147 402 3230 labatur,
417 3149 638 3233 inpraesentia
657 3148 781 3215 domini
795 3147 1031 3220 wintoniensis
1045 3152 1077 3213 et
1092 3151 1214 3231 nostra,

263 3251 381 3336 quibus
409 3273 449 3318 ex
477 3252 632 3317 mandato
661 3251 785 3317 domini
813 3271 914 3334 papae,
940 3249 1085 3334 ejusdem
1110 3269 1215 3316 eausa

262 3356 406 3440 cognitio
420 3354 569 3439 delegata
580 3354 653 3435 fuit,
670 3354 765 3421 ambo
780 3353 900 3437 pariter
913 3360 1021 3422 essent
1035 3351 1214 3431 constituti,

263 3476 323 3528 uos
338 3478 377 3521 ex
392 3456 639 3541 allegationibus
659 3463 692 3523 et
711 3455 891 3523 rationibus
904 3455 1073 3523 memorati
1087 3453 1214 3522 abbatis

263 3559 385 3643 liquido
398 3567 629 3643 cognoscentes
650 3559 833 3645 [praedictas
852 3558 1006 3642 decimas]
1026 3558 1141 3643 adjus
1162 3578 1213 3624 eo

264 3662 368 3729 clesiae
381 3683 448 3731 suae
468 3662 509 3729 de
529 3662 699 3747 Docbluge
713 3663 886 3747 pertinere,
901 3660 1029 3727 easdem
1044 3659 1165 3743 abbati,
1180 3669 1215 3731 et

263 3785 320 3849 per
342 3786 417 3829 eum
439 3766 580 3830 ecclesia
601 3786 677 3843 suae,
696 3764 736 3831 de
757 3770 851 3833 motu
872 3762 973 3829 animi
993 3763 1097 3829 nostri
1118 3770 1152 3832 et
1174 3762 1215 3829 de

264 3868 427 3931 communi
444 3868 581 3933 fratrum
599 3874 785 3935 nostrorum
801 3866 945 3946 consilio,
965 3864 1001 3928 in
1020 3874 1213 3950 perpetuum

263 3968 525 4055 adjudicavimus,
541 3970 711 4055 ipsumque
731 3976 764 4033 ct
785 3968 951 4033 ecclesiam
965 3989 1057 4032 suam
1072 3990 1093 4031 a
1105 3968 1213 4052 petiti-

264 4094 326 4137 one
350 4070 536 4153 Herlevini‚
558 4073 614 4157 qni
637 4070 766 4137 easdem
786 4070 959 4136 vendicans
985 4069 1214 4135 decimationes

262 4176 296 4243 in
316 4176 506 4261 probatione
525 4176 654 4261 penitus
674 4174 800 4254 defecit,
819 4194 876 4257 per
896 4172 1091 4239 sententiam
1110 4170 1212 4235 absol-

263 4283 375 4347 vimus.
422 4279 518 4348 Quod
533 4280 607 4365 quia
624 4281 660 4344 in
679 4277 814 4344 dubium
832 4278 984 4344 nolumus
1006 4276 1121 4339 autin
1141 4274 1211 4338 irri-
