3225 5192
413 688 477 751 124
726 704 887 749 crassari
905 703 1057 747 srrscorr

411 822 556 904 rigimus,
581 820 734 905 quatinus
757 822 879 885 devotae
900 819 974 883 filiae
996 818 1150 901 erigendo
1171 820 1270 905 lapsa,
1291 822 1366 887 soli·

410 922 517 989 dando
543 922 707 987 confracta
734 921 941 1001 subveniatis,
963 929 997 987 et
1023 930 1218 1005 suggerente
1244 924 1365 1007 pietate

406 1026 598 1110 justitiaque
616 1025 652 1089 iu
667 1026 756 1090 vobis
776 1047 902 1109 semper
921 1026 1091 1089 efficaciter
1106 1035 1234 1110 agente,
1249 1029 1368 1093 amissa

410 1127 537 1191 restitui
560 1128 695 1207 faciatis,
723 1134 761 1190 ut
787 1150 869 1211 quae,
893 1128 1069 1192 decedente
1097 1129 1269 1195 fundatore
1295 1153 1364 1210 suo,

410 1230 472 1295 sibi
490 1237 621 1296 mortua
640 1238 728 1310 sunt,
743 1230 878 1295 feliciter
892 1231 927 1294 in
942 1230 1038 1295 rebus
1053 1240 1171 1313 agente
1185 1240 1287 1316 patre,
1303 1234 1365 1298 sibi

409 1332 533 1415 placide
556 1333 755 1397 reviviscant.
800 1334 917 1398 Valeat
936 1333 1087 1397 dominus
1107 1355 1199 1399 meus
1216 1345 1250 1400 et
1272 1344 1366 1421 pater

409 1434 446 1499 in
461 1435 591 1500 Christo
605 1435 797 1500 carissimus
861 1511 865 1519 ,

562 1745 783 1810 EPISTOLA
805 1746 1038 1812 rtem—in
1054 1768 1208 1811 susurra

410 1896 505 1963 Patri
518 1919 573 1962 ruo
588 1905 619 1961 et
634 1899 755 1963 domino
765 1920 882 1962 rumoso
889 1899 1034 1981 pontifici
1045 1900 1084 1964 E.
1093 1899 1203 1982 frater
1217 1904 1256 1966 G.
1265 1902 1363 1967 Here-

444 2002 617 2083 fordicnsis
637 2002 770 2065 ecclesia
793 2003 943 2081 minister,
959 2002 1162 2067 obedientiam
1179 2011 1211 2067 et
1228 2005 1364 2068 debitam

446 2104 538 2187 patri
553 2104 725 2167 caritatem

451 2258 493 2322 Ιιι
508 2258 680 2337 modicum,
696 2258 812 2323 dilecte
830 2266 931 2341 pater,
948 2260 1032 2342 quod
1047 2281 1168 2339 sumus,
1184 2260 1362 2324 amicorum

408 2369 590 2425 nostrorum
617 2362 743 2425 caritati
769 2383 888 2444 negare
913 2384 980 2426 nou
1010 2384 1189 2446 possumus,
1212 2369 1252 2426 ut
1280 2362 1362 2427 alter

408 2466 539 2530 alterius
564 2486 662 2530 onera
685 2473 861 2549 portantes,
880 2488 975 2550 opem
996 2465 1090 2530 nobis
1111 2466 1262 2530 vicariam
1283 2487 1360 2530 con-

407 2569 470 2632 silii
486 2568 583 2633 simul
603 2576 635 2632 et
656 2569 765 2633 auxilii
784 2568 1018 2651 impendamus.
1065 2568 1163 2632 Unde
1182 2569 1257 2632 licet
1274 2568 1360 2651 apud

406 2679 546 2735 vestram
570 2672 772 2755 majestatem
795 2672 887 2735 nulla
911 2693 970 2735 nos
996 2671 1112 2734 merita
1136 2678 1249 2734 nostra
1273 2692 1359 2734 com-

406 2774 572 2852 mendent,
588 2795 649 2838 nec
668 2795 766 2858 penes
781 2796 836 2838 vos
857 2773 994 2857 gratiam
1008 2772 1102 2837 nobis
1116 2773 1216 2836 ullam
1232 2773 1360 2837 servitia

405 2898 465 2940 nec
483 2877 628 2961 impensa
647 2876 831 2952 locaverint,
847 2897 886 2939 ex
906 2876 1040 2939 caritate
1060 2883 1170 2939 tamen
1191 2874 1357 2950 audemus,

405 2988 442 3042 ut
458 2978 513 3061 qui
527 3000 588 3043 nec
598 2999 656 3060 pro
667 2978 760 3041 nobis
772 2978 863 3059 digni
878 2978 982 3040 audiri
997 2998 1118 3053 sumus,
1134 2976 1175 3039 ad
1189 2985 1357 3059 paternam

404 3079 653 3143 misericordiam
662 3100 721 3160 pro
731 3078 793 3141 alio
802 3078 1000 3159 interpellari
1009 3079 1233 3160 praesumendo
1242 3079 1358 3142 irrum-

403 3200 526 3262 pamus.
565 3179 707 3242 Clericus
722 3178 809 3241 enim
825 3178 934 3241 dilecti
949 3180 1007 3241 lilii
1020 3179 1118 3241 vestri
1133 3179 1256 3243 domini
1271 3181 1357 3245 Can·

402 3281 573 3346 tuariensis
596 3280 834 3364 archiepiscopi,
850 3280 1004 3363 magister
1025 3282 1170 3363 Rogerus
1188 3281 1229 3344 de
1251 3282 1357 3347 Ponte

403 3382 551 3467 episcopi,
567 3390 718 3460 vestrum,
735 3390 872 3465 urgente
892 3383 1093 3459 necessitate,
1108 3382 1298 3461 remedium,
1314 3383 1357 3447 ad

402 3485 525 3549 menda
546 3506 585 3548 ea
606 3506 677 3568 quae
697 3485 850 3549 canonice
873 3485 1061 3568 possidetis
1078 3492 1184 3547 vestra
1203 3486 1355 3567 implorat

402 3588 576 3651 serenitate
598 3587 823 3671 patrocinium.
870 3588 1033 3670 Rogamus
1057 3588 1167 3670 itaque
1186 3588 1228 3651 ad
1247 3609 1355 3670 genua

401 3690 583 3754 sanctitatis
596 3698 710 3753 vestrae
723 3690 819 3754 corde
834 3690 995 3774 prostrati,
1010 3697 1048 3753 ut
1063 3689 1103 3753 de
1117 3691 1207 3753 fonte
1217 3691 1353 3774 justitiae

401 3793 552 3877 procedat
576 3800 609 3856 et
635 3792 745 3876 pietas,
762 3800 795 3855 et
817 3813 892 3855 eum
916 3813 1013 3874 quem
1037 3792 1124 3875 apud
1146 3792 1353 3875 apostolicam

367 3956 370 3963 .
401 3897 603 3979 majestatem
618 3894 835 3959 commendari
854 3902 923 3958 tam
936 3896 1004 3958 vita
1018 3916 1114 3978 quam
1133 3895 1268 3959 scientia
1282 3894 1351 3977 dig-

400 4019 481 4061 num
496 3998 664 4075 credimus,
681 3997 858 4080 suscipiatis
876 3997 911 4059 in
931 3997 1044 4080 gratia,
1060 4006 1093 4060 et
1111 3998 1146 4060 in
1165 3997 1261 4079 justis
1279 4018 1352 4080 pos-

399 4101 612 4165 tulationibus
646 4101 711 4164 suia
741 4102 929 4165 exauditum
963 4101 1139 4166 clementer
1167 4101 1350 4164 remittatis.

402 4204 640 4268 sublimitatem
658 4212 796 4268 vestram
818 4204 873 4270 diu
893 4204 954 4268 sibi
972 4205 1101 4288 suisque
1121 4212 1286 4269 conservet
1301 4206 1350 4268 in·

399 4308 558 4371 columam
574 4308 697 4371 excelsa
712 4308 873 4390 majestas.
918 4310 1035 4370 Amen.
