3225 5192
427 705 491 770 332
740 723 902 768 oscaram
921 723 1072 768 eriscorr

427 841 633 906 consideretis
648 861 789 917 cursum,
805 839 1004 923 prospiciatis
1019 845 1054 903 et
1068 840 1202 903 exitum.
1237 839 1383 905 Materni

427 965 481 1008 vos
501 945 584 1008 uteri
605 943 708 1028 primo
729 942 887 1007 conclusit
908 943 1068 1024 augustia,
1091 943 1298 1027 postmodum
1322 965 1383 1007 nu·

427 1048 483 1112 dos
502 1055 535 1113 et
555 1047 590 1110 iu
609 1047 698 1110 hunc
712 1045 872 1109 mundum
888 1045 971 1109 nibil
985 1053 1103 1128 praeter
1117 1053 1288 1130 peccatum
1302 1047 1384 1111 infe·

424 1153 549 1230 rentes,
562 1150 686 1233 excepit
709 1149 777 1213 baec
796 1149 863 1212 vita
882 1156 972 1212 arcta
989 1149 1137 1232 sepulcri,
1160 1149 1311 1234 deinceps
1330 1171 1382 1215 co-

426 1253 563 1319 arctabit
588 1253 721 1329 mancio,
745 1251 786 1316 ud
812 1251 965 1315 ultimum
992 1252 1145 1335 suscipiet
1170 1253 1383 1337 proculdubio

425 1368 483 1424 aut
506 1358 635 1436 inferni,
656 1356 742 1440 qnod
766 1355 859 1434 absit,
882 1355 1032 1434 latitudo,
1055 1363 1112 1420 aut
1136 1357 1206 1420 caeli
1232 1356 1381 1421 altitudo.

426 1461 605 1528 indicibilis
624 1467 673 1524 est
694 1459 817 1523 homini
836 1459 873 1522 iu
891 1457 1129 1535 haesitatum
1149 1458 1270 1523 inserui
1291 1458 1383 1524 deor·

426 1589 498 1631 sum
520 1563 658 1642 miseria,
681 1583 776 1646 quam
800 1581 872 1645 quae
894 1583 1021 1624 sursum
1045 1567 1094 1625 est
1117 1561 1153 1623 in
1175 1561 1261 1625 calis
1288 1561 1383 1626 beata

427 1669 537 1755 gloria.
584 1667 689 1750 Supra
707 1665 853 1748 linguam
871 1670 931 1741 est,
947 1663 1033 1747 quod
1053 1663 1163 1728 electis
1184 1674 1217 1728 et
1237 1664 1383 1748 reprobis

425 1772 589 1855 utrimque
610 1775 758 1854 paratum
780 1774 840 1830 est.
885 1767 974 1850 Agat
995 1787 1073 1848 ergo
1094 1765 1244 1831 discretio
1263 1774 1381 1847 vestra,

425 1874 590 1951 carissimi,
613 1881 650 1936 ut
669 1873 764 1956 juxta
786 1869 873 1954 quod
894 1877 1005 1933 mouet
1028 1870 1195 1953 episcopus
1219 1877 1326 1934 vester
1348 1879 1382 1934 et

425 1977 587 2062 apostolus
602 1975 733 2052 Paulus,
749 1973 833 2036 viam
851 1971 1019 2035 declinetis
1040 1972 1221 2051 interciet
1237 1973 1329 2056 juste
1348 1983 1382 2037 et

426 2089 536 2144 sancte
558 2076 693 2141 vivendo
719 2074 910 2159 pertingatis
933 2075 974 2138 ad
996 2073 1116 2156 gaudia
1137 2075 1216 2136 carli.
1262 2075 1381 2138 Monet

425 2205 479 2248 vos
495 2203 552 2266 per
566 2202 624 2244 nos
640 2181 807 2262 episcopus
822 2185 938 2255 vester,
953 2185 992 2239 nt
1011 2197 1180 2259 corporum
1200 2184 1380 2241 vestronrm

424 2308 499 2350 vasa
527 2283 650 2348 munda
675 2289 708 2346 et
733 2281 871 2344 honesta
892 2279 1091 2358 custodiatis,
1115 2301 1159 2342 ne
1183 2287 1334 2344 sanctum
1361 2305 1380 2344 a

424 2390 513 2456 vobis
543 2385 690 2470 spiritum
714 2384 768 2468 qui
794 2383 864 2447 haec
890 2383 950 2446 sibi
976 2383 1012 2445 iu
1037 2382 1195 2466 templum
1219 2384 1379 2464 vendicat,

423 2491 559 2560 vivendo
573 2490 711 2575 turpiter
726 2488 873 2571 abigatis.
918 2487 1150 2552 Misericordia
1166 2488 1313 2571 partibus
1329 2489 1379 2552 in·

425 2598 554 2676 sistatis,
575 2615 617 2658 ne
638 2593 699 2670 his,
716 2591 801 2676 quod
824 2591 919 2668 absit,
937 2590 1072 2668 omissis,
1094 2613 1114 2654 a
1132 2591 1275 2655 Domino
1292 2591 1381 2675 judi·

424 2703 511 2768 cium
532 2699 601 2764 sine
620 2692 837 2760 misericordis
850 2693 885 2756 in
899 2693 997 2756 verbo
1012 2693 1109 2756 nimis
1124 2715 1236 2776 mpero
1252 2695 1304 2759 die
1322 2695 1379 2761 illa

425 2801 581 2870 sentiatis.
615 2798 669 2864 Ad
683 2796 848 2861 ecclesiam
862 2795 951 2860 beati
965 2795 1061 2859 Pauli
1075 2797 1176 2878 patris
1192 2803 1226 2861 et
1240 2798 1380 2882 episcopi

424 2905 530 2984 vestri,
546 2901 675 2988 pietatis
690 2899 798 2964 oculos
813 2897 969 2977 babeatis,
985 2905 1019 2961 et
1034 2897 1064 2962 ei
1078 2907 1113 2962 et
1130 2920 1241 2963 annua
1255 2908 1289 2964 et
1305 2902 1381 2966 nlti-

425 3031 479 3074 ma
497 3009 532 3072 in
551 3007 616 3070 fine
630 3013 737 3069 vestro
751 3001 908 3067 beneficia
921 3002 1041 3084 singuli
1056 3001 1258 3067 conferentes
1272 3005 1381 3088 ipsum

425 3112 513 3177 vobis
528 3107 703 3174 arctissime
718 3105 882 3171 beneficiis
900 3105 1053 3187 praestitis
1071 3104 1232 3188 obligetis,
1250 3114 1287 3170 ut
1306 3129 1380 3191 pro.

424 3212 556 3279 tectioni
572 3219 685 3275 vestrae
700 3217 733 3274 ct
749 3209 845 3272 saluti
859 3205 1015 3290 invigilet,
1032 3211 1065 3270 et
1086 3227 1277 3292 paucaque
1291 3232 1380 3276 nuuc

424 3317 508 3383 datis
527 3315 561 3380 in
582 3323 737 3399 tempore,
761 3335 780 3377 a
802 3332 928 3376 summo
950 3311 1104 3393 largitore
1125 3311 1269 3376 Domino
1289 3313 1379 3394 Jesn,

423 3421 512 3486 vobis
535 3421 571 3484 in
594 3417 782 3502 centuplum
804 3415 933 3480 restitui
955 3413 1107 3497 impetret
1129 3415 1163 3477 iu
1186 3416 1377 3480 {eternitate

425 3525 585 3589 Omnibus
601 3543 674 3587 vero
690 3521 744 3604 qui
760 3521 900 3584 ecclesiae
915 3517 1003 3587 hemi
1017 3517 1111 3581 Pauli
1126 3518 1262 3601 apostoli
1280 3518 1379 3582 sediti·

424 3627 535 3692 candae
556 3631 589 3690 at
611 3623 845 3701 conservanda,
868 3621 909 3686 de
932 3642 990 3685 suo
1013 3621 1184 3706 quicquam
1207 3623 1377 3686 annuatim

424 3736 457 3796 et
472 3729 507 3793 iu
517 3729 582 3792 fine
594 3748 651 3790 suo
663 3727 871 3803 contulerint,
885 3727 911 3788 si
922 3733 1044 3809 septem
1057 3724 1108 3788 vel
1124 3725 1263 3808 amplius
1278 3747 1379 3789 anno-

423 3855 497 3899 rum
511 3831 703 3917 poenitentia
718 3831 841 3894 onerati
858 3837 944 3906 suut,
957 3851 1016 3892 nos
1026 3829 1068 3892 de
1078 3828 1297 3894 misericordia
1308 3829 1378 3892 Sal·

425 3938 541 4004 vetoris
557 3936 578 3999 J
579 3957 637 4000 esu
651 3933 783 4011 Christi,
798 3942 833 3997 et
847 3932 947 4016 ipsius
960 3930 1049 3995 beati
1063 3931 1197 4014 apostoli
1213 3932 1377 3996 confiden-

423 4049 482 4122 tes,
508 4041 601 4106 annis
628 4039 763 4122 siugulis
788 4037 822 4100 xl
847 4036 908 4100 sibi
934 4036 1001 4100 dies
1027 4035 1208 4099 relaxamus
1231 4043 1266 4098 et
1291 4036 1379 4099 iutra

422 4147 560 4232 parietes
590 4142 730 4207 ecclesiae
756 4139 871 4203 divinis
900 4139 1056 4207 interesse
1080 4137 1297 4217 concedimus,
1323 4157 1378 4202 ex-

423 4257 516 4332 cepto
546 4245 632 4330 quod
661 4265 728 4308 una
757 4242 1004 4326 quadragesima
1028 4243 1063 4304 in
1090 4241 1226 4325 singulis
1252 4247 1376 4325 septem

424 4353 518 4418 anuis
532 4351 608 4416 loris
624 4351 699 4428 sint,
715 4357 747 4413 et
764 4348 809 4412 sic
820 4347 946 4432 jcjuuia
960 4347 1152 4431 compleant.
1200 4345 1286 4411 Quia
1300 4367 1376 4410 vero
