3225 5192
409 702 474 776 Μ
717 719 1052 772 'mssssrssrrsoorr

409 844 510 912 literis
533 842 768 927 consignentur
790 848 825 907 et
848 840 1001 926 appositis
1024 840 1220 905 muniuntur
1241 840 1366 925 sigillis

410 948 508 1015 Unde
527 946 779 1013 transactionem
800 944 886 1009 inter
899 944 1117 1009 venerabilem
1136 944 1271 1010 finirem
1290 968 1366 1010 nos·

409 1058 498 1117 num
509 1050 725 1137 W[nlterum]
739 1047 982 1114 Norwicensem
996 1047 1193 1133 episcopum,
1208 1070 1276 1112 uns
1289 1069 1365 1113 cum
1430 1059 1436 1072 ·

410 1154 555 1239 ejusdem
578 1152 640 1217 loci
662 1151 838 1229 monachis,
863 1157 897 1215 et
923 1150 1124 1215 Herbertum
1147 1148 1300 1213 clericum
1324 1148 1366 1213 de

410 1257 563 1337 Mer-isco,
578 1276 675 1339 super
689 1253 867 1338 questione
881 1253 977 1332 muri,
993 1258 1026 1316 et
1041 1252 1112 1317 eliis
1127 1251 1265 1336 querelis
1279 1253 1367 1316 inter

411 1381 466 1425 eos
481 1359 610 1439 habitis,
625 1357 777 1442 praesenti
796 1355 916 1440 scripto
934 1353 971 1418 in
989 1354 1095 1418 lucem
1113 1354 1260 1439 redigere
1274 1375 1365 1419 ours-

411 1463 527 1541 vimus,
541 1468 580 1527 ut
601 1460 748 1526 redivivu
769 1459 836 1523 litis
857 1458 894 1521 in
915 1463 1081 1542 posterum
1102 1457 1215 1540 inique
1235 1456 1366 1541 penitus

412 1566 577 1631 suferetur
590 1564 723 1629 oooesio.
770 1560 953 1627 Herbertns
965 1560 1076 1644 itaque
1095 1558 1189 1625 nobis
1208 1558 1251 1624 ed
1269 1581 1367 1644 snper

412 1669 525 1733 eedem
545 1668 602 1732 lite
621 1664 891 1751 cognoscendum,
906 1686 946 1729 ex
964 1663 1120 1728 mendsto
1134 1662 1258 1727 domini
1275 1685 1367 1748 pcpoe

412 1770 638 1850 residentibus,
653 1769 813 1853 producto
826 1768 862 1831 in
878 1766 1022 1831 medium
1041 1766 1229 1831 authentico
1243 1764 1368 1832 domini

412 1870 630 1938 Norwicensis
645 1870 784 1955 episcopi
803 1870 1031 1948 instrumento,
1046 1870 1142 1933 tectis
1157 1870 1367 1935 seoeosanctis

412 1975 586 2059 evangeliis
604 1975 735 2059 juravit,
752 1996 786 2038 se
801 1974 998 2057 omnisque
1012 1981 1168 2057 concepte
1181 1974 1311 2039 tirerent
1331 1974 1367 2037 in

412 2079 640 2157 instrumento,
661 2077 746 2141 bone
766 2076 831 2141 lide
853 2078 953 2143 etiem
972 2077 1200 2141 inviolabiliter
1220 2077 1367 2142 obserse-

412 2186 534 2259 turum,
549 2200 647 2265 seque
662 2179 813 2244 omnibus
829 2180 966 2266 querelis
979 2180 1067 2244 inter
1080 2200 1156 2245 eum
1178 2188 1212 2245 et
1233 2180 1365 2265 predio-

412 2290 464 2349 tes
486 2304 637 2367 personas
658 2283 817 2347 hactenus
839 2283 957 2347 habitis
978 2283 1177 2361 renuntiare,
1198 2282 1270 2346 viva
1290 2304 1367 2347 voce

412 2387 587 2471 proposuit.
631 2386 703 2451 Nos
716 2386 837 2471 iteque,
853 2384 888 2449 id
902 2385 1052 2469 exigente
1062 2386 1145 2470 juris
1159 2385 1282 2464 ordine,
1296 2393 1366 2450 tem

415 2487 582 2553 dominum
597 2490 783 2574 episcopum
801 2510 899 2574 quern
917 2490 1093 2555 monachos
1108 2490 1207 2573 ajam
1222 2488 1300 2553 dicti
1321 2488 1366 2552 H.

414 2593 571 2677 petitione
585 2592 716 2677 penitus
732 2592 934 2657 absolvimus.
980 2593 1043 2657 His
1058 2592 1195 2657 testibus
1210 2639 1322 2658 .....

575 3118 795 3183 EPISTOLA
818 3117 1047 3181 exoli-ss
1063 3138 1206 3181 sosnsu.

416 3324 548 3388 Dilectis
566 3324 627 3388 sibi
645 3327 679 3389 in
699 3327 842 3404 Domino,
857 3326 1009 3389 ωιίυονοίε
1021 3330 1136 3388 sancte
1149 3326 1260 3387 moine
1272 3324 1366 3387 ecclc·

458 3428 512 3488 sic
526 3425 616 3506 filiis,
631 3424 741 3505 secter
758 3427 795 3490 G.
818 3427 1041 3490 londoniensis
1061 3426 1195 3489 ecclecic
1215 3425 1366 3503 minister,

459 3530 598 3607 salutem,
609 3530 758 3611 pralium,
774 3535 804 3592 et
820 3528 1067 3592 benedictionem.

460 3730 545 3795 Ques
575 3732 759 3796 sententiali
787 3732 882 3797 linito
905 3740 984 3797 sunt
1013 3732 1145 3812 calculo,
1169 3741 1226 3797 snt
1252 3733 1367 3797 amics·

416 3832 474 3896 bili
496 3833 600 3917 sopita
620 3835 778 3918 pectione,
802 3857 845 3899 ne
868 3834 988 3900 iterum
1009 3836 1151 3901 rediviva
1172 3836 1369 3901 suscitentur

416 3936 450 4000 in
467 3938 585 4021 jurgia,
605 3960 665 4003 nos
684 3940 771 4022 pacis
792 3947 950 4005 amotores
970 3940 1063 4005 decet
1085 3942 1242 4006 attentius
1264 3942 1367 4024 provi-

417 4041 502 4105 dere.
547 4042 597 4107 Es
624 4051 765 4127 propter,
796 4044 1013 4108 controversia
1042 4065 1138 4128 super
1166 4044 1299 4108 ecclesie
1328 4042 1369 4106 de

419 4142 568 4208 Hettone
589 4146 675 4209 inter
696 4146 737 4209 n.
761 4148 801 4209 de
815 4147 983 4225 warewic,
1006 4154 1039 4211 et
1061 4147 1115 4210 W.
1138 4147 1291 4211 clericum
1313 4146 1370 4209 diu

418 4252 549 4333 agitata,
566 4258 599 4315 et
619 4252 658 4315 ed
679 4250 719 4317 de
740 4274 779 4316 en
798 4254 1057 4335 cognoscendum
1073 4252 1248 4335 apostolice
1261 4257 1368 4315 sucto-

417 4354 514 4419 ritate
528 4356 621 4421 nobis
637 4357 794 4439 delegate,
806 4376 869 4439 quo
884 4356 1016 4420 tandem
1031 4358 1097 4421 line
1112 4356 1277 4439 quieverit,
1289 4354 1370 4418 utri-
