3225 5192
295 718 310 746 u
394 680 458 743 248
705 696 866 740 clansam
883 696 1034 740 nrrscorr

345 836 351 851 ·
394 814 549 879 diendum
571 834 673 898 prona
693 820 743 877 est
765 813 865 898 ipsius
887 811 928 877 ad
950 833 1046 895 quem
1069 811 1230 891 scribitur,
1245 813 1349 877 amica

394 916 587 1000 benignitas.
630 915 728 980 Unde
743 916 820 998 quia
833 915 873 979 de
888 922 994 979 vestra
1007 916 1043 979 in
1056 936 1117 979 nos
1130 914 1349 980 benivolentia

394 1042 461 1093 non
480 1020 599 1083 nostris
619 1018 750 1103 quidem
770 1017 903 1096 meritis,
918 1018 975 1082 sed
994 1025 1101 1083 vestra
1119 1018 1223 1081 solum
1244 1018 1348 1099 gratia

392 1122 487 1194 nobis
509 1123 684 1187 clementer
705 1122 834 1186 indulta
858 1129 892 1185 et
915 1129 1065 1206 potenter
1087 1120 1232 1187 exhibita
1253 1122 1348 1205 plene

394 1225 596 1303 confidimns,
612 1223 803 1289 sublimitati
821 1231 934 1289 vestrae
954 1246 1064 1307 preces
1083 1224 1256 1288 affectuose
1275 1245 1346 1307 por-

394 1327 539 1414 rigimus,
556 1326 708 1411 quatinus
730 1326 898 1409 negotium
921 1326 1016 1391 amici
1037 1326 1140 1391 nostri
1161 1334 1196 1390 et
1217 1326 1346 1409 cognati

394 1430 559 1509 carissimi,
590 1430 713 1494 domini
742 1429 979 1493 Wintoniensis
1015 1428 1119 1507 electi,
1156 1429 1345 1493 sustinendo

393 1532 537 1610 foveatis,
549 1539 581 1597 et
594 1533 670 1615 quia
679 1554 734 1595 vos
750 1539 783 1595 et
797 1532 930 1597 oonsilio
944 1553 1101 1615 magnum
1115 1539 1149 1596 et
1163 1532 1348 1596 interventu

395 1642 564 1699 strenuum
584 1656 651 1698 non
670 1634 874 1718 ambigimus,
891 1642 928 1697 ut
948 1635 1017 1717 ejus
1036 1641 1219 1699 maturetur
1237 1656 1347 1699 conse·

394 1738 504 1813 cretio,
528 1737 604 1801 data
624 1735 713 1801 vobis
738 1758 757 1800 a
780 1737 922 1801 Domino
946 1737 1105 1820 sapientia
1129 1745 1162 1800 et
1188 1736 1348 1801 industria

394 1840 581 1922 procuretis.
634 1843 666 1903 A
681 1837 839 1927 'sapiente
868 1839 1064 1922 dispensatio
1092 1840 1174 1903 solet
1208 1839 1346 1903 admitti.

395 1941 542 2006 Postulat
557 1942 697 2006 ecclesiae
712 1941 926 2025 multiplicata
943 1942 1116 2005 necessitas
1134 1941 1195 2006 sibi
1213 1942 1346 2007 tandmn

395 2043 566 2108 subveniri.
614 2045 823 2108 Sacramenta
842 2045 870 2107 si
890 2053 1037 2127 prosunt,
1052 2045 1081 2108 si
1098 2046 1135 2109 in
1153 2046 1205 2109 bis
1224 2047 1346 2110 anima·

394 2168 468 2209 rum
483 2146 568 2210 salus
583 2147 650 2209 ulla
663 2147 821 2225 consistit,
836 2146 1068 2212 detrimentum
1090 2155 1201 2211 tamen
1216 2155 1348 2215 estnon

394 2248 557 2311 modicum
579 2256 613 2311 et
635 2248 824 2331 periculum,
843 2256 893 2314 tot
914 2250 1040 2335 populis
1062 2272 1101 2314 ea
1122 2251 1278 2330 subtrahi,
1296 2259 1346 2316 tot

394 2371 433 2412 ea
457 2349 695 2435 requirentibus
722 2350 763 2414 ob
789 2352 979 2434 pontificum
1001 2353 1180 2436 penuriam,
1202 2355 1253 2418 vel
1275 2376 1347 2419 sero

394 2452 444 2515 vel
465 2453 652 2517 nullatenus
680 2453 907 2518 administrari.
952 2454 1188 2520 Wintoniensis
1213 2458 1346 2521 ecclesia

393 2554 454 2618 snb
469 2563 556 2620 veste
577 2556 707 2638 lugubri
726 2566 759 2621 et
779 2557 894 2621 habitu
907 2557 1027 2623 viduali
1041 2559 1106 2623 tria
1115 2560 1183 2642 jam
1198 2560 1266 2624 fere
1280 2561 1345 2623 lus·

393 2664 445 2721 tra
470 2660 637 2742 percurrit,
661 2660 875 2743 episcopalem
900 2660 1169 2742 benedictionem,
1193 2662 1345 2728 absoluti-

394 2782 500 2839 onem,
531 2784 646 2827 manus
675 2764 925 2846 impositionem,
952 2764 1140 2829 clericorum
1168 2766 1205 2829 in
1234 2768 1345 2831 ordine

394 2866 638 2948 promotionem,
655 2866 813 2930 crismatis
831 2867 917 2949 apud
932 2888 966 2930 se
980 2868 1232 2947 innovationem,
1247 2870 1346 2934 eccle-

394 2968 515 3031 siarum
529 2970 811 3044 consecrationem,
826 2977 860 3033 et
881 2978 997 3034 caetera
1018 2971 1089 3035 vitae
1111 2972 1269 3055 spirituali
1290 2994 1347 3037 ne-

393 3071 538 3149 cessaria,
558 3071 608 3134 his
632 3068 688 3135 diu
706 3071 847 3135 carendo
862 3073 931 3156 jam
951 3073 1018 3136 fere
1040 3073 1218 3138 dedidiscit.
1265 3076 1345 3139 Silet

394 3173 526 3236 verbum
552 3174 624 3251 Dei,
651 3175 794 3238 medium
823 3180 939 3239 tenent
967 3183 1086 3239 cuncta
1114 3178 1289 3256 silentium,
1312 3186 1346 3241 et

393 3276 505 3340 multis
525 3277 627 3341 modis
648 3299 727 3360 quos
748 3299 938 3353 enumerare
957 3279 1091 3361 longum
1112 3287 1171 3359 est,
1186 3281 1277 3345 lucra
1289 3282 1343 3345 de-

394 3387 530 3463 pereunt
546 3380 735 3444 animarum.
782 3379 845 3444 His
863 3402 924 3464 ope
943 3390 1049 3445 vestra
1068 3383 1218 3465 periculis
1233 3384 1344 3447 subve-

394 3483 456 3546 niri
486 3483 696 3567 deposcimus,
723 3491 762 3547 ut
787 3484 890 3548 electo
915 3486 1136 3551 Wintoniensi
1160 3494 1347 3551 consecrato

392 3606 450 3668 per
469 3606 532 3663 vos,
555 3586 590 3648 in
613 3584 753 3649 Domino
775 3606 851 3650 cum
872 3588 943 3670 ipsa
964 3588 1032 3671 ejus
1054 3588 1187 3652 eeclesia
1208 3590 1346 3671 gaudea-

392 3708 474 3764 mus,
491 3694 524 3750 et
538 3687 717 3751 exhibitum
733 3688 827 3752 nobis
841 3690 999 3754 honorem
1018 3697 1051 3755 et
1071 3691 1263 3756 beneficium
1282 3693 1347 3756 alta

394 3810 520 3871 semper
532 3790 569 3853 in
583 3797 747 3873 posterum
766 3793 922 3858 memoria
936 3800 1115 3859 teneamus.
1160 3796 1278 3860 Valere
1293 3818 1348 3859 vos

393 3896 541 3973 optamus
555 3890 591 3953 in
607 3889 757 3954 Domino.
