3225 5192
194 679 200 690 ’
264 717 329 762 aa.
347 699 548 785 nee-cs]
596 719 811 768 otocnsrnrn
827 721 1005 769 moroan.
1174 705 1217 769 25

263 855 345 914 mus,
360 834 568 900 attendentes
586 858 654 902 non
673 844 807 904 eatenus
826 841 1016 923 processisse
1037 840 1217 924 negotium,

263 944 300 1006 ut
319 954 416 1023 snper
436 939 497 1008 hcc
516 939 610 1004 nobis
630 941 768 1006 scribere
783 941 972 1006 duceremus
987 950 1216 1026 opportunum.

262 1041 351 1106 Nam
366 1042 423 1126 qni
438 1041 542 1110 eidem
556 1042 732 1108 incubabat
747 1043 896 1124 ecclesiae,
911 1045 1016 1108 multa
1028 1045 1105 1110 licet
1124 1065 1217 1110 accu-

263 1144 387 1210 satione
408 1145 565 1229 pulsatus,
579 1153 691 1210 tamen
706 1145 846 1230 quadam
861 1147 1082 1232 expectatione
1096 1147 1218 1231 aliqua·

263 1253 358 1312 tenus
372 1247 528 1328 haerebat,
541 1254 575 1315 et
589 1249 782 1332 pastoralem
798 1271 896 1333 quam
910 1257 1092 1334 susceperat
1106 1271 1219 1315 curram

264 1349 411 1415 nondum
426 1371 464 1414 ea
479 1371 544 1435 qua
557 1349 726 1436 oportebat
741 1352 935 1416 solennitate
948 1352 1121 1418 refutabat.
1153 1351 1219 1416 Sed

261 1452 330 1538 jam
352 1475 452 1533 nunc,
465 1459 505 1518 ut
526 1453 717 1533 audirimus,
732 1453 834 1538 ipsius
852 1454 1036 1520 celebrantia
1059 1455 1219 1538 exequias,

265 1561 299 1620 et
317 1556 421 1620 securi
440 1556 482 1621 ad
500 1557 640 1622 radicem
661 1557 783 1623 arboris
801 1557 1011 1622 infructuose
1021 1556 1091 1642 jam
1103 1558 1219 1641 posita,

265 1657 412 1737 eandem,
429 1679 500 1742 qne
521 1659 682 1724 inutiliter
696 1659 813 1738 stabat,
827 1659 992 1738 laudabili,
1006 1667 1045 1724 ut
1058 1659 1146 1724 fama
1159 1665 1218 1740 est,

267 1761 435 1826 severitate
463 1760 653 1826 succidistis.
699 1761 796 1825 Unde
823 1761 899 1845 quia
922 1761 1124 1826 fructuosum
1149 1761 1219 1845 jam

266 1861 416 1926 arborum
438 1863 546 1926 locum
571 1861 782 1947 praeparastis,
807 1884 967 1945 rogamus,
992 1884 1143 1947 rogamus
1167 1863 1220 1927 in·

267 1985 365 2048 quam
387 1973 420 2029 et
441 1971 599 2049 optamus,
614 1972 653 2030 ut
669 1965 754 2049 quod
768 1964 862 2030 nobis
877 1966 975 2050 digne
989 1973 1159 2050 reputatur
1178 1967 1220 2030 ad

262 2067 434 2153 justitiam,
463 2068 619 2133 laudabili
648 2071 925 2135 consummatione
955 2071 1149 2154 perducatur
1177 2069 1220 2134 ad

267 2171 411 2256 gloriam.
445 2171 575 2236 Fratres
591 2171 721 2256 quidem
736 2171 902 2250 Cernelioe,
912 2171 1078 2237 venientes
1092 2171 1135 2236 ad
1148 2193 1218 2253 nos,

267 2295 376 2340 secum
395 2273 493 2339 etiam
513 2274 574 2340 sub
594 2275 735 2340 ecclesiae
753 2295 821 2340 mre
839 2274 943 2359 sigillo
961 2275 1071 2341 literas
1085 2276 1218 2340 afferen-

266 2383 325 2456 tes,
349 2377 523 2456 oommuni,
546 2383 585 2442 ut
608 2377 700 2442 aiunt
721 2378 869 2442 omnium
890 2378 1029 2443 fratrmn
1052 2378 1218 2458 electione,

267 2501 370 2544 unum
388 2479 574 2545 efratribus
588 2481 708 2544 nostris
723 2479 784 2545 sibi
799 2480 835 2544 in
849 2487 975 2565 patrem
993 2488 1220 2566 pastoremque

268 2582 338 2647 dari
358 2583 522 2667 petierunt
544 2592 577 2647 et
599 2583 730 2647 dimitti.
774 2583 820 2648 Et
840 2584 947 2668 ipsum
967 2585 1107 2667 quidem,
1123 2605 1220 2669 quem

268 2685 394 2770 eligunt
418 2685 541 2750 bonore
567 2685 704 2769 dignum
725 2707 891 2770 speramus
913 2694 946 2752 et
969 2688 1083 2770 gratia,
1107 2694 1221 2771 utpote

267 2789 372 2854 virum
386 2789 439 2852 cui
454 2795 487 2852 et
502 2788 543 2852 ad
558 2787 738 2852 doctrinam
753 2789 888 2853 scientia
904 2795 938 2853 et
957 2788 1000 2853 ad
1017 2788 1222 2854 honestatem

268 2910 373 2954 mores
388 2888 576 2968 exuberant,
591 2889 741 2974 regendis
756 2889 926 2955 animabus
945 2890 1107 2975 rebusque
1125 2898 1221 2956 tuen·

270 2992 319 3056 dis
347 2991 509 3057 idoneum.
555 2993 663 3060 Quem
690 2993 755 3058 nisi
784 2993 979 3060 laudabilem
1009 2995 1221 3074 crederemus,

269 3093 357 3160 vobis
371 3095 485 3179 ntique
499 3095 724 3161 commendare
740 3097 908 3162 nollemus.
954 3096 1019 3162 Sed
1041 3096 1081 3162 de
1102 3119 1138 3163 re
1159 3098 1223 3163 ista

269 3195 351 3260 nihil
365 3196 428 3260 nisi
442 3218 481 3261 ex
495 3203 608 3262 resne
621 3196 797 3265 voluntatis
817 3199 951 3265 arbitrio
965 3207 1155 3280 statuentes,
1169 3222 1221 3267 ro·

270 3320 393 3382 gamus,
413 3299 439 3362 si
457 3299 573 3382 placet,
587 3307 731 3365 vestrum
749 3301 844 3366 nobis
862 3304 978 3388 aperiri
995 3305 1174 3384 consilium,
1195 3305 1222 3370 si

269 3401 418 3486 petitioni
430 3401 507 3467 huic
520 3423 575 3469 vos
590 3403 733 3487 praebere
746 3405 852 3470 velitis
866 3426 1041 3471 assensum.
1079 3409 1100 3470 J
1101 3407 1223 3471 ussioni

269 3510 382 3569 vestrae
398 3505 547 3570 voluntas
566 3513 678 3571 nostra
698 3506 863 3572 decernet.
908 3508 1005 3575 Quod
1024 3509 1051 3572 si
1069 3510 1221 3574 honorifi-

270 3608 410 3672 centiam
425 3609 565 3674 ecclesiae
585 3615 705 3675 nostrae
723 3609 785 3675 hac
803 3610 874 3694 ipsa
893 3611 1049 3678 electione
1068 3613 1222 3696 quodam·

270 3711 367 3776 modo
387 3710 587 3796 praelibatam
606 3718 712 3778 vestra
734 3712 893 3778 stabiliret
915 3715 1098 3795 auctoritas,
1112 3737 1172 3780 nos
1186 3715 1222 3780 in

191 3877 194 3884 .
270 3812 465 3878 immensum
480 3815 593 3898 gratia
607 3813 796 3894 debitorem,
811 3822 846 3880 et
860 3816 902 3880 ad
915 3823 1029 3881 vestra
1043 3818 1222 3883 deservien-

271 3915 349 3979 dum
363 3917 522 3983 voluntati
537 3939 595 4002 per
608 3919 719 3982 omnia
732 3920 941 4003 promptiores
954 3920 1125 3986 haberetis.
1155 3923 1222 3989 Vo-

270 4019 319 4085 bis
339 4021 488 4104 spiritum
507 4029 655 4106 optamus
675 4022 784 4087 adesse
803 4023 937 4104 consilii,
953 4025 1009 4108 qni
1022 4047 1078 4090 vos
1092 4026 1222 4110 dirigat,

272 4143 413 4208 opusque
433 4132 577 4190 vestrum
598 4125 718 4210 placita
739 4124 799 4191 sibi
820 4127 1040 4194 moderatione
1062 4128 1221 4212 disponat.

271 4225 361 4291 Vale.
