3225 5192
400 659 442 722 10
662 675 820 720 onmsarr
834 674 953 720 romor
968 673 1142 719 rumim·

449 927 670 994 EPISTOLA
692 927 845 994 Ira-n>
861 946 1021 991 sruouru
1037 947 1307 994 wroonmnusnu

774 1048 979 1092 nrrscorou.

397 1204 492 1266 Patri
519 1223 574 1266 suo
603 1203 736 1266 Domino
767 1201 887 1265 Simoni
920 1201 1128 1284 Weponami
1156 1204 1219 1266 Dei
1244 1205 1354 1285 mutio

438 1305 603 1388 Episcopo,
618 1304 729 1387 freter
746 1304 903 1368 Gilbertuc
917 1305 1051 1368 ecclesie
1074 1305 1156 1368 beati
1170 1307 1264 1369 Petri
1280 1308 1354 1370 Glo-

440 1410 559 1472 cestrie
588 1409 689 1473 diotae
714 1408 819 1486 obbas,
846 1427 916 1472 cum
937 1408 1059 1489 pietate
1077 1406 1207 1490 fructeta
1229 1411 1355 1491 operam

367 1577 375 1589 ,
431 1512 577 1594 justitie.

440 1713 639 1776 Consanum
658 1733 711 1776 me
731 1711 846 1776 caritas
866 1718 900 1776 et
920 1711 1032 1776 debita
1043 1711 1134 1777 robis
1148 1711 1263 1778 suadet
1277 1713 1353 1778 obe-

396 1813 528 1892 dientia,
543 1819 582 1878 ut
597 1813 682 1897 quod
705 1813 748 1878 ad
765 1815 922 1878 honorem
937 1822 1080 1879 vestrum
1098 1817 1353 1880 conservandum

395 1916 446 1981 vel
460 1916 664 2003 aliquatenus
686 1917 906 2001 ampliandum
927 1924 1071 2002 spectare
1089 1939 1278 2002 cognovero,
1292 1921 1354 1984 hoc

395 2022 494 2102 vobis,
511 2043 611 2105 quum
626 2029 845 2106 opportunum
859 2022 967 2102 fuerit,
980 2029 1013 2086 et
1026 2044 1167 2107 praesens
1182 2045 1354 2107 suggeram

396 2131 430 2189 et
452 2122 567 2189 absens
590 2124 708 2208 scripto
723 2145 957 2188 commoneam.
1002 2125 1137 2190 Instant
1152 2146 1250 2210 prope
1270 2134 1353 2191 tem-

396 2247 475 2310 pora
494 2225 672 2310 periculosa
692 2232 725 2290 et
749 2226 818 2290 dies
835 2227 914 2290 mali
929 2236 1184 2311 supervenerunt
1198 2229 1303 2307 nobis,
1317 2229 1354 2292 in

396 2328 514 2414 quibus
528 2349 629 2393 manu
646 2328 770 2393 inimici
787 2329 928 2393 hominis
948 2351 1044 2413 super
1058 2332 1217 2396 seminata
1231 2331 1356 2396 zizania

394 2451 533 2496 messem
547 2430 667 2496 bonam
681 2453 764 2516 pene
779 2432 936 2496 suffocare
953 2433 1129 2516 praevalent
1144 2439 1202 2498 ent
1215 2435 1354 2518 compri-

395 2555 494 2600 mere.
538 2534 610 2598 Nec
632 2541 744 2600 tamen
766 2534 932 2618 gentilitas
952 2536 1056 2600 estin
1076 2558 1142 2620 qua
1160 2557 1282 2615 sumus,
1298 2537 1356 2602 sed

395 2639 486 2706 omni
500 2639 681 2723 gentilitate
692 2641 783 2724 pejor
790 2639 971 2704 inhumana
984 2641 1168 2721 crudelitas,
1180 2640 1234 2705 cui
1244 2647 1355 2705 totum

396 2741 576 2828 quodlibet
593 2743 679 2824 licet,
694 2749 801 2808 totum
817 2743 910 2812 viluit
928 2743 1016 2828 quod
1033 2744 1209 2810 honestum
1230 2751 1291 2823 est,
1305 2743 1355 2808 nil

396 2847 593 2930 amplectens
612 2846 770 2910 desiderio
791 2846 878 2930 quod
893 2846 1086 2914 Christianae
1097 2847 1298 2931 simplicitati
1319 2854 1353 2911 et

396 2950 493 3014 sacrm
507 2949 633 3032 legibus
648 2950 776 3014 obviare
789 2971 859 3015 uon
872 2955 1009 3014 constet.
1046 2950 1175 3032 Nempe
1189 2956 1228 3015 ut
1242 2949 1355 3019 auditu

356 3048 365 3062 ”
394 3059 569 3128 taceamus,
592 3050 731 3115 vidimus
757 3057 834 3114 ante
858 3057 931 3115 acta
954 3049 1158 3116 hebdomada
1185 3053 1353 3117 ecclesiam

396 3159 517 3218 senotae
538 3151 601 3217 Dei
623 3151 793 3234 genetricis
817 3150 904 3234 apud
927 3150 1073 3216 Slohtres
1094 3151 1234 3218 mirabili
1255 3155 1354 3221 modo

397 3255 571 3338 diruptam,
586 3259 711 3318 tectum
730 3253 799 3337 ejus
818 3274 920 3319 manu
934 3254 1089 3338 sacrilega
1102 3256 1302 3336 convulsum,
1317 3258 1353 3322 in

395 3355 573 3443 parietibus
588 3357 657 3440 ejus
672 3377 841 3439 nunquam
856 3355 1014 3421 aedificata
1031 3359 1272 3442 propugnacula
1291 3359 1352 3422 im-

397 3459 511 3526 missos
533 3459 689 3525 satellites
707 3457 884 3543 impietatis
905 3459 1065 3526 deservire
1087 3461 1352 3545 promptissimos.

397 3564 558 3644 Vidimus,
572 3565 717 3648 iuquam,
732 3570 766 3628 et
781 3563 954 3644 doluimus,
969 3565 1078 3629 locum
1091 3565 1268 3630 sanctuarii
1282 3566 1353 3630 sinc

396 3667 529 3747 honore,
545 3667 712 3732 ecclesiam
727 3667 789 3732 Dei
803 3667 943 3752 turpiter
951 3667 1207 3733 contaminatam
1221 3674 1256 3733 et
1270 3689 1353 3732 ausu

397 3770 570 3846 temerario
583 3771 620 3836 in
635 3770 832 3836 domicilium
848 3771 978 3836 Satanoe
992 3777 1233 3836 commutatam.
1279 3771 1353 3836 Hu-

393 3875 449 3960 jus
472 3877 570 3940 etiam
592 3873 759 3942 occasione
778 3874 911 3940 malitiae
933 3874 1065 3960 quidam
1081 3875 1153 3940 illos
1167 3895 1353 3959 expugnare

398 3978 505 4043 adorsi
519 3985 605 4044 sunt.
651 3979 728 4044 Istis
747 3979 858 4064 itaque
876 3980 913 4044 in
930 3979 1096 4044 ecclesiam
1110 3979 1206 4044 istam
1219 3977 1352 4062 lapides,

396 4081 473 4161 tels,
494 4082 580 4146 faces
601 4082 806 4166 jacientibus,
831 4082 901 4148 aliis
925 4082 1160 4161 resistentibus,
1186 4103 1254 4146 uon
1279 4083 1349 4147 sine

398 4185 565 4269 sanguinis
590 4185 746 4250 effusione
769 4192 802 4250 et
825 4185 930 4251 multa
951 4186 1123 4251 hominum
1147 4185 1278 4250 laesione
1302 4184 1351 4249 bi-

399 4286 501 4353 duum
522 4287 569 4355 ibi
590 4287 770 4354 miserabile
789 4288 973 4356 conlectum
990 4296 1049 4355 est
1097 4287 1225 4352 Scimus
1246 4287 1352 4352 adhuc
