3225 5192
392 661 457 726 296
705 678 866 722 oinnanm
884 677 1034 721 ιιιιιοιι

265 775 273 792 ’
392 795 553 860 iudidtam
575 793 636 858 sibi
657 794 795 878 gmtiam
810 800 880 856 tom
893 813 954 856 nos
969 813 1067 876 quam
1081 797 1213 858 coeteros
1229 792 1349 856 amicos

393 919 466 963 suos
481 896 596 961 vestris
609 895 712 960 velitis
730 894 892 978 obsequiis
912 894 1014 958 artius
1033 890 1188 977 obligare.
1232 893 1349 958 Vetere

393 1021 448 1063 vos
462 1007 611 1084 optamus
624 999 660 1062 in
676 999 830 1076 Domino,
844 997 1018 1062 cnrimime.

419 1314 640 1382 EPISTOLA
663 1315 750 1380 CCV
754 1337 854 1379 .-sn
872 1332 1050 1380 niniam!
1066 1333 1320 1380 οιοιιιιιιιιιιι

768 1438 971 1483 ιιιιοοιιιιι.

403 1571 576 1634 Venerabili
596 1571 717 1634 domino
729 1568 894 1652 fretaque
911 1571 1072 1635 ιιιιιιὶιιιο
1088 1569 1219 1632 H'dosio
1237 1569 1350 1632 tucos-

439 1675 521 1738 sensi
544 1673 605 1737 Dei
626 1673 734 1755 pratia
760 1673 912 1754 epiecopo,
929 1670 1039 1755 frater
1064 1673 1101 1735 G.
1126 1671 1350 1734 moenio

439 1780 571 1842 ecclesio
600 1780 749 1856 miodter,
779 1779 911 1842 sulutem
947 1783 977 1841 ei
1013 1779 1140 1841 sincero
1176 1777 1351 1840 dilectionis

440 1881 592 1966 affectum.

441 2035 541 2098 Onon
557 2033 591 2096 in
607 2053 703 2096 causa
718 2033 739 2095 J
741 2033 879 2096 ohannis
893 2033 1068 2115 cognitoris
1082 2039 1189 2114 partes
1207 2030 1349 2094 sustinu-

396 2137 491 2213 imus,
507 2135 691 2199 obedientia
705 2137 777 2200 suit.
824 2136 921 2203 Quod
941 2155 1000 2219 pro
1021 2156 1060 2199 eo
1081 2135 1233 2200 adversus
1253 2132 1350 2198 obba-

396 2247 464 2302 tem
493 2237 533 2301 de
564 2238 723 2302 Geresten
752 2239 1043 2322 pronuntiavimus,
1066 2237 1151 2322 juris
1179 2243 1213 2302 et
1241 2237 1351 2319 legum

397 2339 599 2406 observantia
620 2341 693 2404 fuit.
739 2341 838 2408 Quod
859 2342 940 2407 citra
961 2340 1191 2407 conscientiam
1211 2347 1350 2404 scenam

396 2465 454 2528 per
476 2443 642 2508 officialem
666 2449 819 2524 vestrum,
844 2445 1004 2509 decanum
1026 2444 1174 2508 videlicet
1198 2442 1239 2506 de
1264 2439 1349 2506 Bed-

397 2547 474 2629 dig,
500 2547 695 2610 seutentiam
725 2548 907 2612 executioni
935 2547 1166 2626 mandaverim,
1196 2545 1351 2628 temposis

264 2698 272 2730 ,
397 2650 608 2733 proculdubio
632 2651 803 2715 necessitas
834 2651 949 2715 effecit.
1005 2651 1144 2714 Eramus
1174 2649 1273 2713 enim'
1292 2669 1351 2712 nos

398 2753 480 2817 sicut
504 2761 537 2818 ei
559 2775 624 2832 vos,
645 2774 684 2817 ex
705 2753 859 2817 mandato
879 2753 1001 2817 domini
1023 2753 1107 2837 regis
1130 2752 1287 2836 procincti
1310 2751 1352 2815 ad

397 2856 679 2939 peregrinandum,
691 2857 837 2939 proxima
852 2863 967 2939 quarta
981 2857 1062 2920 feria
1074 2861 1148 2942 post
1162 2856 1263 2918 latam
1278 2875 1350 2918 sen-

397 2959 534 3024 tentiam
555 2958 640 3046 apud
660 2958 766 3023 Duur’
787 2976 826 3024 ex
847 2959 996 3024 condicto
1009 2957 1210 3036 conventuri,
1226 2965 1260 3022 et
1272 2957 1350 3021 inde

398 3061 439 3126 ad
462 3061 630 3125 dominum
655 3082 781 3145 papam,
805 3061 999 3146 quamcitius
1024 3061 1207 3144 profecturi.
1253 3059 1352 3122 Unde

398 3183 440 3226 ne
461 3169 623 3275 protracta
645 3157 681 3226 in
703 3164 839 3247 longum
859 3164 992 3248 negotia
1012 3164 1178 3228 occasione
1199 3162 1350 3245 profecti-

398 3265 469 3329 onis
488 3245 628 3330 vestrae
619 3288 656 3329 ιιι
675 3265 879 3351 dispendium
894 3269 1044 3351 pauperis
1059 3266 1167 3331 clerici
1181 3266 1350 3330 differren-

398 3375 454 3431 tur
467 3367 612 3446 ulterius,
628 3367 751 3436 decano
764 3377 882 3448 vestro,
897 3369 1003 3454 quiin
1016 3371 1087 3454 ipso
1100 3375 1181 3432 tunc
1195 3368 1350 3450 temporis

399 3479 598 3552 opportunus
623 3471 761 3550 advenit,
788 3493 848 3537 nos
871 3493 947 3536 cum
970 3473 1076 3536 multo
1097 3469 1228 3554 quidem
1251 3469 1350 3534 confi·

398 3569 509 3634 dontio
523 3571 702 3635 dilectionis
717 3581 840 3652 vestrae,
856 3574 1049 3641 amtoritate
1067 3574 1151 3638 sodis
1171 3573 1353 3656 apostolicae

398 3670 494 3753 hujus
508 3672 556 3735 rei
571 3673 793 3737 executionem
807 3676 1021 3759 injunximus.
1068 3677 1111 3740 In
1126 3697 1200 3759 quo,
1214 3675 1244 3740 si
1260 3695 1352 3738 mau-

268 3786 275 3798 '
397 3774 534 3837 suetudo
550 3783 654 3838 vestra
668 3775 837 3842 adversum
852 3799 924 3843 eam
942 3780 1144 3863 aliquatenus
1166 3787 1354 3862 exasperata

397 3885 456 3955 est,
476 3877 561 3942 hanc
583 3876 676 3942 nobis
696 3899 754 3962 pro
773 3883 954 3947 reverentia
972 3883 1096 3947 domini
1115 3903 1207 3966 papae
1225 3881 1353 3945 veniam

398 3979 477 4058 dari,
497 3980 667 4065 ipsumque
687 3983 723 4045 iu
743 3983 880 4066 gradum
900 3991 934 4048 et
955 3986 1092 4068 granam
1112 3985 1284 4069 pristinam
1303 4005 1353 4048 re·

398 4083 490 4148 stitui
505 4091 628 4168 quanta
642 4105 812 4168 possumus
827 4088 997 4153 devotione
1011 4089 1237 4172 supplicamus,
1254 4109 1297 4151 ne
1317 4089 1354 4151 in

398 4193 552 4266 nostrum,
569 4189 652 4271 quod
673 4187 768 4269 absit,
783 4189 1005 4254 confusionem
1020 4190 1206 4266 destitutus,
1222 4188 1268 4254 de
1284 4211 1353 4252 ves-

397 4299 458 4371 tra,
474 4293 560 4376 quod
576 4293 671 4373 absit,
684 4294 902 4359 benivolentia
920 4317 978 4359 nos
997 4297 1106 4359 minus
1120 4294 1207 4358 soliti
1222 4315 1353 4377 sperare
