3225 5192
256 708 323 752 am.
341 685 538 768 1161-89.]
588 704 840 748 nonnosum
854 705 1030 750 :maronae
1142 687 1207 750 283

254 829 362 908 partes
380 821 439 886 has
459 842 479 884 a
498 827 610 884 saneta
630 821 778 885 Romana
796 819 938 885 directus
957 821 1099 899 eeclesia,
1113 823 1208 905 regui

256 923 506 990 eonsuetudines
531 921 567 985 iu
593 920 709 1005 quibua
732 921 801 1005 jam
827 929 987 1001 senuerat,
1011 923 1206 987 immutavit.

258 1029 355 1095 Quod
369 1049 435 1092 nou
450 1025 629 1091 maledictis
650 1031 707 1090 aut
727 1024 833 1105 minis,
849 1025 905 1089 sed
921 1026 1068 1090 doctrina
1081 1047 1161 1090 sana
1174 1035 1207 1092 et

257 1129 533 1197 exhortationibus
548 1129 667 1193 sanctis
681 1128 835 1193 obtinuit.
871 1129 1097 1194 Benedioendo
1113 1131 1207 1194 semi-

257 1235 354 1314 navit,
370 1235 410 1298 de
425 1231 703 1298 benedictionibus
723 1237 757 1296 et
775 1252 912 1296 messem
927 1232 1013 1296 feeit.
1060 1233 1107 1296 Hi
1122 1233 1149 1297 si
1166 1233 1208 1297 ad

257 1359 348 1403 arma
361 1336 586 1413 decurrissent,
601 1335 684 1398 nihil
706 1341 763 1400 aut
784 1356 899 1419 parum
913 1336 1130 1419 proiecissent
1176 1338 1209 1401 A

258 1441 311 1525 pio
326 1441 523 1504 bbaucorum
544 1459 620 1522 rege
642 1445 754 1521 optata
775 1437 832 1502 diu
852 1437 942 1522 prole
963 1438 1024 1503 sibi
1041 1440 1111 1523 jam
1133 1460 1209 1504 oon·

258 1565 346 1608 cessa
360 1541 524 1620 divinitus,
539 1562 644 1624 nuper
664 1541 713 1604 illi
734 1561 836 1624 regno
857 1542 962 1606 multa
980 1549 1058 1606 sunt
1076 1542 1210 1608 remissa

258 1645 453 1731 gravamina,
476 1665 548 1727 quae
572 1645 754 1709 firmaverat
777 1645 953 1728 antiquitas
978 1645 1135 1710 haetenus
1159 1645 1210 1710 in·

258 1749 419 1827 oonvudsa,
441 1748 511 1812 haee
533 1753 735 1831 suggerente,
750 1754 789 1812 ut
811 1747 1001 1828 andivimus,
1017 1749 1159 1828 eeclesia,
1174 1755 1209 1814 et

258 1860 423 1931 mouente,
448 1873 514 1916 non
543 1851 578 1914 in
607 1851 746 1916 electum
768 1851 946 1935 prinoipem
975 1852 1080 1916 minas
1107 1853 1209 1938 impe·

257 1963 349 2021 toute
364 1955 492 2022 sublata
506 1960 593 2019 sunt.
639 1954 721 2020 Quae
736 1954 876 2039 denique
888 1962 1055 2038 quantaeve
1070 1955 1209 2040 dignita-

258 2066 318 2139 tes,
330 2060 505 2138 libertates,
515 2057 748 2137 immunitates,
763 2058 977 2142 possessiones
991 2060 1132 2125 eeclesiae
1147 2061 1210 2126 Dei

260 2185 280 2227 a
299 2164 359 2248 piis
378 2162 509 2247 regibus
528 2161 604 2228 orbe
625 2167 696 2226 toto
717 2162 838 2246 pietate
860 2162 936 2241 sola,
958 2184 1026 2227 non
1047 2164 1210 2229 maledieti

260 2266 449 2330 nenessitate
464 2265 581 2330 collata
595 2265 671 2342 siut,
688 2265 758 2348 quis
773 2265 879 2329 valeat
896 2266 1076 2349 explicare?
1095 2267 1210 2351 utique

260 2375 386 2453 tempus
397 2369 431 2432 id
442 2369 603 2432 volentem
614 2367 770 2450 explicare
781 2367 918 2446 deficiet,
929 2369 999 2434 haee
1008 2390 1150 2454 namque
1158 2393 1210 2436 re·

261 2493 338 2555 gum
354 2479 404 2535 est
417 2469 513 2534 laude
524 2469 623 2551 digua
632 2468 793 2532 nobilitas.
824 2469 878 2532 Ab
891 2469 969 2552 ipsis
979 2473 1112 2555 supplex
1127 2473 1210 2537 obti-

260 2584 318 2640 net
334 2573 421 2657 quod
437 2579 563 2637 erectus
582 2571 618 2634 in
637 2571 742 2635 minas
761 2571 860 2636 nullis
877 2593 1024 2656 unquam
1042 2576 1210 2640 oonatibus

260 2678 432 2755 obtineret,
454 2675 531 2760 ipsis
552 2674 679 2738 minimi
697 2674 838 2758 pretium
858 2681 927 2738 tam
949 2684 1118 2760 reputatur
1138 2680 1209 2758 vile,

262 2803 359 2866 quam
373 2781 537 2864 exiguum,
549 2777 635 2862 quod
650 2777 712 2842 sibi
724 2778 756 2841 vi
770 2777 929 2862 surripere
944 2779 1078 2863 quisque
1092 2781 1210 2845 violen-

262 2891 312 2949 ter
320 2884 514 2962 intenderet,
525 2903 660 2965 magnos
669 2881 886 2946 inremodica
894 2882 1210 2948 reisuoedefensores
1327 2887 1332 2897 '

263 3009 318 3071 spe
333 2988 397 3052 cito
411 2987 586 3050 frustratus
601 2989 799 3067 agnosceret.
845 2981 927 3049 Haeo
943 2986 1053 3069 itaquo
1067 3008 1135 3052 non
1148 2987 1210 3051 fer-

261 3113 336 3155 vore
350 3091 482 3168 novitio,
495 3089 551 3154 sed
565 3094 694 3152 maturo
703 3087 835 3152 fuerant
849 3088 1048 3154 attendenda
1059 3089 1209 3170 consili03

263 3201 356 3258 erant
369 3193 506 3257 fratrum
520 3198 699 3256 vestrorum
718 3198 751 3255 et
771 3191 906 3255 aliorum
923 3193 1097 3276 plurimum
1110 3195 1146 3258 in
1160 3194 1211 3260 his

263 3295 460 3381 exquirenda
481 3294 622 3371 oonsilio,
645 3293 844 3358 attendenda
863 3301 993 3379 patrum
1014 3297 1211 3381 prudentum

263 3420 368 3483 opera,
384 3419 458 3462 cum
472 3396 682 3462 incommodis
702 3397 842 3484 eeclesiae
855 3397 1021 3481 pensanda
1034 3400 1210 3480 oommoda,

263 3509 296 3568 et
315 3503 384 3566 haeo
403 3508 484 3566 tuno
502 3501 634 3564 demum
654 3500 762 3564 danda
774 3501 858 3565 forte
872 3503 1042 3582 sententia,
1057 3525 1131 3567 cum
1142 3505 1211 3588 jam

263 3627 330 3671 uon
336 3607 420 3671 foret
429 3625 500 3690 spes
509 3604 577 3669 ulla
585 3625 749 3688 uper-esse
758 3606 908 3684 remedia,
914 3628 978 3689 quo
985 3608 1211 3690 profectorum

262 3711 358 3774 datur
368 3711 463 3794 juxta
476 3730 639 3774 sacrorum
649 3708 785 3774 sormam
800 3729 961 3773 canonum
977 3712 1212 3777 attendendum

262 3819 320 3890 est,
345 3813 380 3874 in
404 3833 498 3894 quem
520 3811 626 3888 detur,
650 3810 835 3887 tardetur,
860 3811 1020 3895 quomodo
1043 3813 1147 3892 detur,
1168 3835 1212 3878 an

263 3913 414 3998 expediat
439 3913 580 3978 eoelesiae
602 3913 688 3997 quod
706 3912 812 3993 detur,
835 3921 870 3978 et
891 3913 1081 3979 obfuturum
1102 3917 1163 3980 sibi
1184 3917 1212 3980 ai

264 4038 333 4081 non
355 4016 459 4080 detur.
504 4015 537 4080 Is
557 4037 631 4080 vero
652 4036 747 4098 quem
767 4015 948 4099 impetistis,
967 4025 1006 4081 ut
1024 4025 1105 4082 nota
1121 4017 1211 4082 vobis

261 4119 449 4198 referamus,
475 4118 624 4203 nunquid
649 4139 716 4182 non
741 4118 810 4201 ipse
835 4125 884 4182 est
907 4139 1004 4202 quem
1029 4119 1213 4182 dulcissima

262 4223 407 4306 pignora,
440 4221 639 4286 nobilissima
675 4222 794 4305 conjux
827 4229 861 4286 et
892 4221 1039 4298 honesta,
1068 4220 1212 4304 subjeota

262 4326 322 4390 sibi
345 4347 447 4409 regua
469 4348 565 4411 quam
588 4326 735 4410 plurima,
758 4327 933 4391 amisorum
959 4331 1062 4389 coetus
1088 4331 1121 4388 et
1146 4325 1213 4389 suis
