3225 5192
257 742 323 783 am.
344 719 545 804 1161-89.]
590 702 1033 789 tounoumusrssrrsronut.
1145 725 1210 786 329

255 881 290 922 se
312 866 430 923 natura
451 847 604 934 clarescit,
621 858 655 922 id
676 859 814 923 testibus
837 867 894 923 aut
915 861 1109 924 testimoniis
1130 862 1210 924 evis-

255 981 337 1040 cere,
354 963 435 1026 citra
450 961 672 1026 necessitatem
691 971 751 1025 est.
797 960 932 1026 Quanta
951 962 1109 1046 siquidem
1129 963 1209 1026 cari-

256 1065 332 1129 tatis
355 1065 471 1144 studia,
495 1071 617 1148 quanta
640 1065 793 1148 suffragia
814 1065 954 1149 pietatis,
976 1075 1098 1149 quanta
1120 1065 1209 1130 deni-

257 1189 320 1252 que
356 1169 456 1234 totius
493 1167 704 1232 humanitatis
736 1168 891 1251 obsequia
924 1169 1101 1252 peregrinis
1131 1191 1210 1253 pan-

257 1270 387 1354 peribus
412 1270 533 1335 Christi
558 1277 591 1334 et
617 1271 767 1336 omnibus
793 1272 984 1336 necessitate
1011 1271 1211 1355 patientibus

256 1374 423 1458 impendat
450 1380 598 1438 sanctum
628 1374 864 1440 xenodochium
895 1375 1210 1460 Ierosolymitanum,

257 1485 369 1541 sancta
390 1477 511 1540 scilicet
534 1476 648 1541 domus
666 1475 853 1562 Hospitalis,
874 1477 952 1560 ipsis
970 1480 1039 1562 jam
1062 1479 1139 1542 olim
1161 1498 1210 1542 re·

257 1601 330 1644 rum
344 1579 472 1644 indiciis
492 1579 562 1644 orbi
582 1581 737 1659 innotuit,
754 1586 791 1644 ut
811 1602 879 1645 non
894 1581 964 1664 jam
983 1591 1095 1646 nostro
1115 1602 1211 1664 super

257 1682 318 1746 hoc
340 1681 535 1760 testimonio,
560 1682 616 1746 sed
639 1683 836 1766 pervulgatae
857 1685 960 1766 magis
982 1685 1110 1749 veritati
1131 1685 1210 1748 fides

258 1784 422 1850 debeatur.
469 1785 534 1851 Qui
555 1785 710 1849 nimirum
730 1787 819 1850 locus
838 1785 1029 1850 venerabilis
1051 1786 1093 1851 ob
1115 1789 1210 1852 meri·

257 1895 364 1952 torum
387 1886 528 1970 insignia
553 1887 718 1951 nonnullis
744 1889 863 1952 meruit
888 1910 907 1951 a
929 1909 1031 1972 regno
1056 1889 1152 1954 simul
1177 1896 1210 1953 et

258 1989 435 2055 sacerdotio
458 1990 630 2074 privilegiis
655 1991 815 2073 insigniri.
859 1991 930 2056 Nos
956 1992 1057 2074 igitur
1081 2001 1210 2075 patrum

258 2101 292 2157 et
310 2094 516 2176 praelatorum
536 2101 720 2158 nostrorum
735 2092 870 2177 vestigia
885 2092 993 2158 debita
1006 2094 1211 2159 veneratione

258 2195 499 2281 subsequentes,
521 2197 638 2262 latores
657 2197 865 2281 praesentium
885 2197 1019 2262 nuntios
1041 2204 1075 2262 et
1097 2220 1211 2282 procn-

258 2307 380 2364 ratores
393 2300 479 2363 illius
493 2299 649 2383 religiosae
664 2301 788 2379 domus,
804 2322 879 2364 cum
894 2301 1080 2366 testimonio
1102 2302 1210 2366 litera·

258 2423 330 2466 rum
347 2411 529 2468 nostrarum
547 2403 745 2467 destinamus
767 2403 808 2467 ad
829 2425 895 2481 vos,
910 2413 942 2468 et
959 2413 1082 2488 quanta
1101 2427 1210 2489 possu-

257 2527 330 2570 mus
345 2506 514 2571 devotione
529 2506 792 2570 commendamus
808 2504 849 2568 ad
864 2506 1012 2588 gratiam,
1028 2515 1157 2570 orantes
1176 2513 1210 2570 et

257 2609 463 2675 exhortantes
485 2611 520 2674 in
541 2610 692 2688 Domino,
714 2616 747 2673 et
766 2609 802 2672 in
821 2608 1042 2672 remissionem
1057 2607 1146 2673 vobis
1160 2609 1210 2672 in-

254 2713 431 2797 jungentes
447 2713 647 2792 delictorum,
664 2713 818 2797 quatinus
832 2734 906 2776 sum
924 2712 965 2777 ad
983 2734 1038 2777 vos
1057 2712 1210 2794 colligen-

257 2815 307 2879 dis
340 2815 484 2880 fidelium
517 2816 727 2900 eleemosynis
757 2837 812 2880 cos
841 2815 1002 2879 declinare
1028 2814 1210 2898 contigerit,

257 2919 342 3004 ipsos
367 2920 411 3004 pii
438 2919 601 2984 ministros
627 2919 741 3003 operis,
766 2919 896 3002 pietatis
921 2918 1045 2981 intuitu
1069 2918 1211 3000 benigne

256 3022 426 3106 recipiatis,
442 3043 502 3106 ope
517 3029 550 3086 et
565 3043 661 3106 opera
676 3021 925 3086 misericorditer
938 3022 1160 3105 promoveatis,
1176 3030 1210 3085 et

253 3126 348 3210 juxta
369 3127 653 3192 commonitionem
675 3126 799 3192 domini
821 3146 921 3210 papae,
944 3132 979 3188 et
999 3124 1127 3189 indulta
1148 3125 1210 3189 sibi

256 3229 432 3313 privilegia,
449 3229 590 3294 debitam
613 3229 648 3292 in
669 3229 820 3294 omnibus
842 3226 1055 3292 reverentiam
1078 3227 1209 3294 exhibe·

257 3332 329 3396 atis.
377 3331 545 3414 Subjectos
560 3353 686 3415 quoque
702 3340 823 3396 vestros
841 3352 952 3395 eorum
971 3331 1209 3395 fraternitatem

257 3435 427 3519 suscipere,
444 3441 688 3518 susceptamque
709 3434 750 3498 ad
770 3436 868 3498 finem
883 3455 985 3517 usqne
999 3434 1139 3498 fideliter
1153 3434 1209 3500 ob-

258 3559 391 3617 servare,
416 3537 528 3603 sedulo
552 3559 755 3604 commonere
782 3538 945 3621 satagatis,
970 3538 1108 3602 scientes
1132 3559 1209 3622 quo-

258 3641 346 3706 niam
369 3662 436 3706 non
462 3648 597 3726 possunt
620 3642 743 3706 fructus
768 3663 836 3706 non
859 3661 928 3705 esse
952 3641 1130 3725 participes,
1155 3642 1210 3725 qui

258 3747 416 3814 bonorum
434 3773 467 3814 se
483 3772 615 3835 operum
631 3750 784 3815 exhibent
800 3751 973 3834 adjutores.
1016 3749 1138 3812 Omnes
1153 3770 1208 3812 an·

254 3855 325 3912 tam
338 3849 392 3933 qni
408 3847 449 3912 ob
465 3850 768 3933 contemplationem
786 3850 848 3914 Dei
863 3857 897 3913 et
912 3869 1089 3932 pauperum
1101 3848 1208 3912 Chris-

257 3951 293 4031 ti,
310 3951 505 4016 fraternitati
528 3953 604 4017 huic
626 3975 659 4017 se
682 3953 874 4032 addixerint,
890 3973 1025 4035 eamque
1044 3959 1210 4014 annuant

257 4056 355 4120 moris
379 4064 437 4134 est,
461 4056 683 4122 observatione
706 4056 944 4140 compleverint,
969 4055 1152 4119 orationum
1176 4060 1209 4117 et

256 4159 404 4224 omnium
426 4158 655 4225 beneficiorum
681 4161 858 4225 commissae
886 4159 980 4225 nobis
1010 4179 1029 4222 a
1058 4157 1129 4221 Deo
1158 4178 1209 4220 ec-

255 4262 361 4326 clesiae
385 4263 555 4347 participes
581 4263 762 4329 statuimus.
809 4262 1016 4327 Parochianis
1037 4281 1112 4323 vero
1134 4281 1208 4324 nos-

256 4365 325 4442 tris,
342 4364 456 4448 quibus
476 4366 634 4450 precipue
655 4367 814 4432 debitores
829 4364 1007 4442 existimus,
1022 4362 1208 4447 poenitenti-
