3225 5192
369 629 410 690 12
639 641 795 688 annnam
810 640 930 687 ronror
945 638 1089 684 aaaarrs

244 768 247 774 '
367 769 400 827 et
426 762 468 828 ad
493 781 706 846 supernorum
731 760 827 826 colles
853 765 1034 825 momatum
1060 756 1248 840 aliquandiu
1268 754 1323 820 de-

366 865 549 930 clinaverat.
596 864 660 928 Sed
684 863 764 929 dum
788 885 845 928 vos
869 863 905 927 in
929 862 999 946 ipso
1025 861 1235 946 Apostolatus
1256 861 1324 925 cerl-

367 969 455 1032 mine
470 967 615 1052 ejusdem
633 967 704 1032 loco
719 966 921 1050 suscipimus,
937 965 1041 1050 ipsam
1060 965 1096 1028 in
1109 964 1200 1028 vobis
1215 963 1324 1028 dilecti

366 1070 571 1152 praesentiam
596 1069 858 1152 reamplectimur
880 1076 915 1133 et
937 1067 1123 1132 cumomni
1146 1066 1324 1150 gratiarum

367 1173 493 1238 actione
507 1179 541 1237 et
555 1178 626 1237 tota
636 1173 819 1238 animorum
833 1170 1000 1236 alacritate
1014 1189 1214 1235 veneramur.
1255 1168 1324 1232 Ob-

367 1283 534 1340 scutetum
561 1275 655 1340 nobis
683 1269 931 1340 ¹fuerataorum
957 1282 992 1338 et
1016 1273 1209 1338 immutatus
1237 1271 1325 1336 color

366 1379 527 1462 optimam
564 1379 620 1442 sed
650 1398 723 1442 ecce
752 1378 857 1460 magis
884 1377 998 1441 rutilat
1027 1375 1161 1439 festivus
1189 1381 1323 1438 ornatus

367 1481 518 1560 ecclesiae,
533 1487 641 1545 totum
655 1481 750 1546 nobis
764 1485 954 1544 convertens
968 1479 1004 1542 in
1019 1476 1174 1562 gaudium
1188 1482 1222 1540 et
1240 1476 1322 1541 laeti-

365 1586 448 1650 tiam
477 1591 510 1650 et
540 1585 768 1649 solennitatem
792 1584 989 1668 praeclaram.
1033 1583 1174 1648 Noctem
1199 1581 1322 1646 mundo

366 1689 487 1752 fecerat
516 1689 573 1766 sol,
604 1709 732 1752 aversus
761 1688 797 1750 in
826 1688 1001 1765 tenebras3
1038 1687 1096 1752 sed
1123 1693 1324 1769 reassumpta

367 1790 534 1867 claritate3
556 1796 665 1853 totum
681 1789 767 1873 quod
781 1789 989 1854 tenebrarum
1009 1797 1089 1868 erat,
1104 1790 1194 1854 radio
1209 1789 1323 1872 gratis-

368 1891 457 1957 simae
470 1892 550 1956 lucis
564 1892 736 1956 illuminat.
783 1891 962 1957 Haerebant
976 1892 1116 1957 lacrimae
1131 1892 1166 1955 in
1187 1891 1323 1955 maxillis

366 1995 496 2074 nostris,
521 2003 554 2060 et
573 1995 661 2059 intra
683 1996 858 2078 praecordia
883 1996 975 2061 dolor
997 1995 1148 2060 estuabat
1168 1995 1322 2073 inclusus,

368 2097 447 2161 dum
468 2098 505 2161 in
529 2098 599 2182 ipso
621 2119 729 2162 rerum
749 2099 891 2163 culmine
913 2099 1103 2163 adtentum
1127 2119 1238 2163 casum
1259 2097 1322 2161 dis-

368 2200 523 2265 sentionis
545 2200 685 2265 schisma
705 2201 759 2284 pio
781 2201 977 2266 timebamus
993 2223 1109 2285 pavore
1123 2201 1322 2284 contingere.

369 2302 434 2366 Sed
464 2302 609 2367 subitum
633 2303 850 2367 infortunium
873 2303 980 2368 subita
1001 2304 1100 2367 etiam
1119 2304 1252 2367 fortuna
1275 2324 1323 2367 se-

369 2412 471 2490 quuta
485 2413 544 2484 est,
561 2412 593 2470 et
609 2406 693 2470 sicut
712 2428 798 2471 unus
813 2406 914 2486 Deus,
928 2428 997 2470 una
1015 2407 1104 2486 fides,
1119 2428 1224 2470 unum
1245 2406 1323 2491 bap-

367 2508 474 2589 tisana,
504 2508 549 2573 sic
577 2530 664 2572 unus
693 2517 803 2593 pastor
827 2510 864 2574 in
888 2511 983 2575 terris
1008 2517 1112 2574 totam
1138 2510 1323 2574 moderatur

368 2611 544 2691 ecclesiam,
561 2611 617 2694 qui
639 2617 773 2676 cunctas
795 2611 931 2676 caritate
952 2612 1191 2695 compaginans,
1211 2630 1323 2674 omnes

367 2717 509 2782 ecclesiae
531 2723 639 2800 partes
664 2739 732 2782 una
755 2716 833 2782 facit
858 2716 979 2800 pietate
1003 2715 1152 2800 gaudere.
1196 2713 1323 2779 Vestrae

365 2820 468 2905 'igitur
481 2841 567 2886 curae
582 2827 619 2886 et
629 2820 811 2904 prudentiae
824 2841 884 2884 nos
899 2827 932 2884 et
946 2826 1059 2884 nostra
1079 2817 1323 2897 committimus,

367 2929 400 2988 et
430 2931 589 3006 quantum
617 2923 672 3005 pia
700 2923 867 3005 praesumit
892 2922 1018 2986 devotio
1043 2942 1102 3004 pro
1125 2921 1267 2985 Domino
1290 2928 1324 2985 ct

367 3025 470 3088 amico
504 3030 615 3087 nostro
648 3023 780 3105 Nigello
812 3023 936 3086 Eliensi
965 3023 1124 3106 Episcopo
1156 3023 1323 3087 serenitati

366 3132 480 3191 vestrae
495 3124 720 3208 supplicamus,
735 3131 773 3186 ut
788 3145 827 3187 ea
841 3144 905 3206 qua
919 3123 1000 3187 filios
1020 3124 1172 3207 amplecti
1187 3125 1322 3190 caritate

366 3250 434 3293 nou
449 3227 603 3292 desistitis
618 3227 725 3310 ipsum
744 3225 925 3308 suscipiatis
940 3232 973 3290 et
988 3227 1232 3292 necessitatibus
1252 3229 1322 3311 ejus

366 3331 418 3416 pie
444 3330 664 3396 subveniendo
687 3337 810 3394 ceteros
833 3329 915 3394 filios
938 3337 1060 3395 vestros
1083 3331 1213 3396 arctiori
1232 3331 1322 3396 vobis

367 3434 510 3500 caritatis
525 3433 652 3498 vinomo
667 3432 863 3516 astringatis.
893 3433 936 3498 In
951 3440 1100 3498 eternum
1115 3443 1321 3499 conservetur

368 3536 537 3602 incolumis
552 3541 658 3601 vestra
672 3534 864 3615 sublimitas,
879 3535 915 3598 in
929 3535 1059 3601 Christo
1074 3535 1189 3603 dilecte
1203 3543 1305 3620 pater.
