3225 5192
392 680 437 743 80
635 695 793 740 murram
812 695 931 740 remor
947 695 1093 739 sussum

334 859 336 862 -
392 813 563 900 appellavit
578 812 785 878 audientiam.
834 811 904 877 Sub
923 811 985 878 hoo
998 820 1113 879 restra
1131 815 1348 899 supplicamus

391 917 633 997 beuevoleutiae,
655 923 694 982 ut
719 915 862 981 ecelesiis
887 915 1007 980 uostris
1030 916 1140 982 divina
1164 917 1349 984 oouoedstis

392 1020 505 1098 officia,
523 1019 599 1103 quia
619 1019 750 1104 praefixa
771 1019 825 1084 die
842 1025 966 1098 voetroe,
986 1018 1054 1083 vita
1074 1019 1193 1084 eomite
1214 1020 1348 1086 adsiste·

391 1143 464 1187 mus
478 1119 666 1206 praesentim,
682 1121 861 1200 sententiae,
881 1141 979 1205 quam
1000 1120 1153 1187 deoernet
1170 1129 1277 1187 vestre
1293 1124 1348 1208 ju·
1457 1137 1461 1142 ’

392 1223 545 1303 risdiotio,
561 1224 718 1308 promptis
733 1223 849 1288 animis
867 1223 1015 1308 parituri
1059 1225 1178 1290 Valeat
1197 1225 1349 1292 dominus

392 1345 485 1390 meus
499 1323 745 1390 dilectissimus!
910 1361 914 1368 ·

470 1623 692 1692 EPlsuouA
712 1625 917 1694 xva-m
932 1648 1116 1694 euomuit
1133 1649 1263 1696 rursu.

391 1793 487 1860 Patri
507 1814 564 1859 suo
585 1800 616 1858 et
637 1793 769 1874 domino,
786 1795 911 1860 Summ
927 1797 988 1860 Dei
1005 1799 1115 1880 pratia
1136 1797 1284 1882 Pontifici
1303 1799 1346 1864 E.

425 1898 538 1982 frater
563 1899 602 1962 G.
628 1899 806 1962 Glooeetrtoe
831 1901 934 1964 dietus
959 1900 1065 1981 obbae,
1092 1901 1296 1966 obedientem
1316 1908 1349 1966 et

436 2001 569 2065 debitam
577 2001 669 2083 potat
683 2003 857 2067 ceritatem

436 2149 476 2215 Iu
491 2149 664 2230 modicum,
680 2151 796 2216 dilecte
815 2158 917 2236 peter,
933 2152 1020 2236 quod
1041 2175 1152 2228 sumus
1171 2155 1348 2220 amioomm

392 2261 578 2320 nostrorum
600 2255 728 2319 caritati
756 2276 877 2338 negare
900 2278 968 2322 non
993 2279 1174 2341 possumus,
1198 2265 1233 2324 et
1260 2279 1349 2323 oom-

393 2357 501 2422 muuis
514 2357 618 2440 pietas
640 2357 750 2440 exigit,
764 2365 804 2423 ut
820 2359 903 2424 alter
916 2359 1049 2424 alterius
1067 2382 1168 2425 onera
1180 2367 1350 2445 portantes

393 2479 523 2544 operam
536 2459 626 2525 robis
640 2460 791 2525 vicariam
805 2462 931 2526 consilii
945 2461 1092 2526 similiter
1105 2469 1140 2526 et
1154 2464 1265 2527 auxilii
1286 2464 1350 2527 im·

392 2562 585 2647 pendamus.
633 2563 733 2628 Unde
761 2564 838 2629 lieet
867 2564 953 2648 apud
982 2565 1186 2649 majestatem
1207 2572 1349 2630 vestram

392 2667 485 2731 nulls
498 2687 557 2732 nos
572 2665 689 2730 merite
702 2666 939 2745 commendent,
950 2687 1011 2730 use
1024 2686 1124 2750 penes
1136 2687 1194 2731 vos
1208 2666 1349 2750 gretiam

393 2767 487 2834 uobis
505 2769 608 2834 ullam
627 2767 756 2834 servitia
769 2769 821 2834 vel
840 2769 989 2853 impensa
1006 2769 1192 2850 locaverint,
1208 2789 1248 2834 ex
1267 2770 1348 2834 eari-

393 2877 462 2937 tate
490 2876 602 2937 tameu
631 2871 796 2948 audemus,
822 2878 862 2935 ut
890 2870 946 2954 qui
972 2891 1034 2935 nee
1058 2891 1118 2955 pro
1139 2870 1236 2936 nobis
1258 2869 1350 2954 digni

394 2974 499 3040 audiri
524 2975 633 3053 simus,
660 2974 702 3039 ad
730 2981 900 3058 paternam
928 2973 1178 3038 miserieordiam
1202 2995 1261 3058 pro
1286 2975 1350 3039 alio

393 3077 631 3160 interpellaturi
644 3077 697 3160 pie
710 3075 935 3160 praesumendo
946 3076 1171 3159 irrumpamus
1205 3077 1349 3142 Clericus

394 3201 469 3246 vero
491 3178 600 3244 dilecti
625 3178 683 3242 filii
705 3177 803 3242 vestri
832 3177 956 3241 domiui
976 3177 1222 3243 Cautuafieusis
1245 3179 1349 3245 arohi-

395 3280 534 3365 episcopi
550 3281 703 3364 Magistri
718 3282 757 3345 R„
774 3280 816 3344 de
837 3285 937 3364 poute
956 3280 1097 3365 episeopi
1115 3291 1262 3347 restrum
1280 3283 1350 3348 adit

394 3391 532 3470 urgente
546 3384 735 3450 neoesutate
749 3383 945 3468 presidium,
959 3391 997 3449 ut
1015 3385 1058 3449 ad
1074 3385 1198 3450 tuenda
1217 3407 1257 3452 es
1277 3407 1350 3470 qum

394 3489 549 3556 eanonioe
562 3487 703 3573 possidet
718 3509 738 3552 s
751 3493 858 3552 vestre
875 3487 1025 3571 imploret
1044 3489 1219 3554 serenitate
1239 3495 1348 3573 patro·

395 3591 527 3656 oinimu.
565 3591 730 3674 Rogamus
743 3591 855 3675 itaque
869 3591 910 3655 ad
925 3612 1032 3674 genua
1043 3592 1224 3657 mnotitetis
1234 3599 1350 3658 vestras

396 3693 491 3758 eorde
505 3693 668 3777 prostrati,
678 3700 716 3758 ut
730 3693 771 3758 de
781 3694 873 3758 sonte
883 3694 1020 3778 justitie
1028 3694 1226 3779 prooedst‘et
1235 3697 1350 3779 pietas,

396 3801 430 3862 et
455 3815 541 3875 eum,
568 3815 666 3880 quem
687 3797 774 3881 apud
795 3797 1016 3880 Apostolieam
1036 3798 1240 3882 majestatem
1262 3819 1350 3863 oom-
1487 3808 1502 3818 “

396 3897 544 3962 mendari
566 3897 703 3982 dignum
725 3899 895 3980 credimus,
913 3905 984 3964 tam
1000 3901 1067 3964 vita
1085 3921 1184 3984 quam
1204 3899 1350 3978 seientia,

396 4000 575 4086 suscipietis
588 4003 625 4066 iu
639 4003 777 4086 gratiam
791 4009 825 4068 et
839 4004 984 4088 injustis
996 4006 1268 4090 postulationibus
1282 4008 1350 4072 suis

396 4103 572 4168 elementer
589 4103 777 4169 exauditum
795 4107 979 4172 remittatis.
1024 4108 1267 4175 Sublimitatem
1281 4131 1349 4176 ves-

395 4211 482 4272 tram
504 4205 562 4272 diu
584 4205 645 4272 sibi
669 4205 798 4292 suisque
821 4207 1017 4276 ineolumem
1037 4219 1204 4279 conservet
1226 4213 1351 4280 exoelsa

397 4309 559 4394 majestas.
