3225 5192
390 696 434 761 82
629 714 790 759 orauanrr
808 714 923 760 norror
938 714 1087 758 aunario

393 830 542 915 signavit.
588 830 697 915 Hujus
719 837 871 895 extremae
892 829 1069 895 voluntatis
1095 850 1163 894 aute
1186 836 1288 895 testea
1312 830 1348 894 hi

391 941 479 1015 aunt,
501 934 680 999 Nicholuua
707 932 850 1011 raetiam,
871 932 1066 1016 Grimpater,
1081 934 1257 998 Walterur.
1303 932 1348 998 Et

392 1035 468 1119 quia
495 1034 578 1101 uihil
606 1035 715 1119 magia.
740 1034 878 1099 debetru
905 1035 1104 1101 humanitati
1133 1056 1232 1119 quam
1261 1036 1347 1120 quod

367 1146 543 1223 ‚extremae
564 1137 739 1203 voluntati:
761 1137 844 1203 liber
864 1138 906 1203 ait
928 1138 1033 1217 stilus,
1055 1144 1089 1204 et
1112 1139 1238 1203 licitum
1260 1139 1348 1223 quod

391 1241 479 1306 ultra
498 1262 566 1307 nou
587 1240 671 1306 redit
692 1240 873 1319 arbitrium,
889 1241 1077 1325 suppliciter
1095 1240 1188 1326 petit,
1203 1248 1242 1305 ut
1260 1241 1348 1326 quod

391 1365 412 1409 a
437 1366 471 1409 ae
496 1342 625 1430 pietatis
649 1344 775 1435 intuitu
802 1350 913 1408 actum
941 1351 1001 1423 eat,
1027 1344 1220 1410 auctoritate
1241 1352 1347 1409 vestra

391 1447 571 1527 stabiliatis,
589 1448 640 1513 vel
662 1447 689 1511 ai
710 1446 801 1511 vobis
823 1446 917 1511 aliter
937 1445 1042 1511 visum
1063 1446 1172 1525 fuerit,
1187 1446 1346 1511 voluntati

390 1558 505 1618 vestrae
519 1573 578 1617 aua
590 1572 658 1616 uon
671 1550 869 1636 praejudicet.
914 1550 1040 1615 Valete.

392 1872 614 1939 EPISTOLA
635 1871 1215 1939 LXV.-a1uou1awrooar.rr1ao.
1233 1890 1284 1936 ar.
1302 1892 1346 1935 an

541 1996 733 2041 uurvnasoa
751 1996 777 2040 a.
796 1995 878 2040 nau.
895 1995 1064 2039 accuratur
1079 1994 1198 2039 mror.

391 2128 524 2193 Dilectia
545 2128 579 2193 in
601 2130 725 2193 Christo
746 2125 909 2209 fratribus
926 2128 1079 2191 muman
1098 2131 1214 2190 amicte
1237 2127 1349 2189 matria

435 2232 569 2297 coclerio
582 2232 673 2315 filiis,
690 2233 723 2295 S.
744 2232 956 2314 ermueruia
969 2232 1031 2295 Dei
1048 2232 1158 2315 prolia
1177 2231 1347 2313 epiecopus,

427 2342 612 2419 perpetuam
626 2337 660 2401 in
674 2335 807 2401 Domino
821 2335 961 2399 romeu.

434 2488 489 2550 Au
505 2506 619 2571 paoem
633 2485 775 2551 eeclesia
791 2484 898 2550 tutius
915 2484 951 2550 in
971 2484 1078 2569 aliqua
1090 2491 1183 2569 parte
1197 2483 1347 2549 munien-

392 2588 477 2669 dam,
493 2597 606 2655 vestrae
625 2596 742 2655 notum
760 2588 897 2654 facimus
917 2587 1103 2671 diligentia,
1119 2587 1207 2672 quod
1220 2594 1347 2653 oontro-

393 2692 526 2757 versiam
555 2693 654 2773 illam,
685 2715 758 2778 quae
785 2692 874 2757 inter
901 2692 984 2756 filios
1016 2699 1144 2757 nostros
1173 2690 1347 2755 monachor

391 2796 512 2860 seilicet
529 2797 718 2863 Glocestriae
732 2802 766 2861 et
781 2795 953 2861 canonieus
963 2794 1145 2874 hantoniae,
1161 2793 1202 2858 de
1216 2814 1348 2878 oorpore

392 2898 515 2964 domiui
549 2899 686 2964 Milonis
714 2898 842 2963 comitia
872 2896 1082 2975 Herefordire,
1112 2896 1149 2959 iu
1177 2893 1349 2980 praeaentia

391 3009 503 3066 nostra
531 3022 636 3085 nuper
664 3006 776 3065 exorta
805 3005 864 3077 est,
890 3000 981 3062 illam
1009 2997 1110 3082 biduo
1138 3005 1255 3077 aetam,
1285 2998 1347 3063 hoe

390 3104 525 3168 tandem
547 3105 612 3168 fine
633 3101 920 3185 utriusquepartis
940 3120 1073 3164 assensu
1090 3102 1345 3166 terminavimus.

392 3206 549 3270 Canonici
563 3226 677 3289 eorpus
691 3204 808 3289 ipsum,
825 3202 912 3286 quod
924 3202 1076 3267 monachi
1089 3202 1125 3266 in
1140 3204 1275 3267 ecelesia
1289 3225 1349 3269 ana

392 3307 593 3374 humandum
609 3330 687 3389 osae,
700 3306 811 3371 multia
822 3304 1054 3371 attestantibus
1068 3304 1265 3386 asserebant,
1274 3313 1349 3371 tum

392 3412 566 3497 parochiali
588 3413 671 3497 jure,
695 3418 767 3477 tum
788 3410 932 3495 gratuita
953 3409 1138 3489 donatione,
1161 3430 1260 3493 quam
1280 3410 1349 3494 ipre

392 3536 500 3581 eomes
526 3516 667 3581 ecclesiae
693 3536 805 3581 eorum
830 3514 872 3579 de
896 3536 931 3579 ae
955 3514 1085 3594 feoerut,
1109 3520 1284 3598 antequam
1312 3536 1347 3579 re

379 3618 606 3685 'hantoniensi
622 3617 830 3685 eonoearisset
847 3618 998 3696 eooleaiae,
1012 3616 1094 3681 illud
1114 3637 1231 3701 oorpua
1251 3638 1346 3681 eano-

392 3722 458 3788 nici
482 3723 619 3788 liberum
644 3730 679 3788 et
704 3724 861 3808 quietum,
885 3722 933 3786 nil
958 3721 999 3786 de
1024 3721 1099 3806 jure
1123 3720 1345 3799 reclamantes,

320 3841 332 3860 ·
392 3825 594 3891 dimiserunt.
639 3825 796 3890 Monaehi
809 3846 885 3891 vero
905 3824 1055 3910 precibus
1073 3821 1263 3888 venerabilia
1283 3822 1347 3886 fra·

391 3928 451 3993 tria
470 3928 573 3994 nostri
588 3928 722 3993 liuberti
739 3927 985 3993 Herefordeuaia
1000 3926 1149 4012 episcopi,
1165 3934 1199 3991 et
1217 3926 1346 4004 nostrie,

393 4031 516 4097 domini
550 4032 648 4096 etiam
685 4032 805 4113 Rogeri
841 4031 900 4094 filii
934 4029 1070 4109 comitia,
1101 4036 1135 4093 et
1168 4029 1346 4093 multorum

392 4135 551 4201 baronum
569 4142 603 4199 et
619 4134 770 4214 militum,
787 4157 902 4219 corpus
919 4136 1025 4220 ipsum
1046 4136 1083 4200 in
1105 4135 1239 4200 ecelesia
1259 4136 1347 4200 Lan·

391 4238 542 4317 touienai,
572 4238 607 4301 in
642 4258 706 4321 qua
739 4236 874 4301 ullatum
906 4236 1023 4318 furerat,
1054 4240 1228 4323 sepulturae
1260 4237 1347 4303 tradi

392 4348 629 4406 concesserunt.
686 4338 759 4405 Hae
792 4346 905 4405 tamen
937 4341 1131 4421 eonditione,
1162 4340 1248 4425 quod
1285 4340 1346 4425 ipai
