3225 5192
243 707 311 749 nu.
330 689 527 773 nel-ea]
579 710 1021 754 noaaoursusmsrrsroca.
1132 693 1194 753 341

366 1039 588 1105 EPISTOLA
611 1041 900 1107 coxam-sn
917 1063 1071 1106 ausura.

250 1193 424 1256 Venerabili
439 1195 560 1258 domim
571 1194 733 1278 fratrique
751 1197 912 1259 carissimo
926 1197 958 1258 J.
975 1195 1196 1260 Salesberieasi

286 1297 348 1360 Dei
363 1299 471 1379 qratia
485 1299 635 1379 episoma,
643 1298 753 1378 frater
770 1300 808 1361 G.
823 1298 1047 1362 totamm
1064 1300 1197 1361 ecelesia

286 1400 435 1478 minister,
461 1421 572 1465 maara
593 1402 677 1482 qaod
698 1421 796 1484 peaes
817 1420 850 1464 se
871 1402 1040 1464 ausimum
1060 1407 1194 1482 reputat,

286 1503 428 1583 seipsam

286 1645 554 1736 Evss'ornrcau,
570 1666 609 1721 ιιι
630 1657 736 1735 audio,
752 1656 940 1740 paradigma
954 1656 1147 1740 complestis,
1162 1662 1196 1720 et

242 1759 390 1842 saginato
409 1761 520 1839 vitulo,
539 1761 650 1826 occisis
671 1759 825 1838 altilibus,
845 1780 971 1824 reverso
990 1760 1057 1823 filio
1079 1758 1198 1844 gaudia

243 1861 353 1927 debita
377 1864 572 1928 celebrastis.
620 1865 783 1947 Superest,
809 1871 847 1927 ut
877 1884 952 1927 cnm
981 1862 1064 1927 stola
1091 1862 1195 1945 prima

241 1965 452 2032 calciamenta
470 1966 531 2032 sibi
550 1967 742 2051 provideatis
764 1973 798 2030 et
820 1967 989 2044 annulum,
1004 1987 1047 2030 ne
1062 1966 1140 2050 quid
1155 1987 1194 2030 ex

242 2068 408 2150 evaugelio
423 2067 533 2132 deesse
553 2067 611 2132 sibi
635 2067 754 2132 sentiat
774 2066 816 2131 ad
835 2067 1025 2150 perfectum.
1070 2069 1121 2132 De
1135 2089 1195 2132 cae-

242 2176 313 2234 tero
327 2171 403 2254 quia
418 2171 636 2235 cenomannis
650 2171 741 2254 orgia
755 2170 917 2235 celebrare
932 2170 1101 2254 disponitis
1120 2191 1196 2245 cum

241 2272 432 2338 mandatum
454 2273 543 2338 vobis
565 2274 691 2356 regium
712 2273 902 2351 insonuerit,
926 2295 979 2337 me
1001 2274 1029 2337 si
1049 2274 1155 2357 placet
1177 2295 1197 2338 a

244 2375 341 2459 Sagio
356 2397 376 2439 a
390 2374 574 2440 Cerealibus
589 2377 736 2442 evocetis.
783 2376 901 2440 Valere
919 2397 975 2440 vos
993 2384 1141 2458 optamus
1159 2377 1197 2440 in

242 2477 384 2543 Domino
400 2478 573 2542 carissime.

241 2781 463 2845 arlsronn
489 2781 800 2846 coxam-sn
824 2801 1004 2844 saccaron
1027 2784 1196 2846 arconiu-
1325 2831 1331 2839 .

315 2905 429 2948 ΕΝΒΕΜ
446 2905 646 2949 ruscorum.
679 2906 744 2949 PRO
760 2898 886 2948 PRIORE
903 2897 1125 2948 HALVERNIAE.

240 3036 391 3098 Dominus
413 3035 636 3100 Loadoaiearis
658 3037 779 3099 domim
806 3035 1021 3116 thoraierui,
1042 3037 1077 3098 ia
1093 3037 1196 3120 qrati-
1275 3022 1283 3037 ⁸

309 3158 399 3200 arum
407 3138 603 3219 plenitudine
616 3139 765 3202 virtutum
780 3138 913 3200 Domino
928 3139 1126 3219 complacere.

284 3291 337 3354 Dr
353 3290 494 3354 naturali
509 3291 665 3354 bonitatis
683 3296 797 3354 vestrae
815 3311 1013 3373 praesumens
1031 3292 1197 3375 privilegio

241 3392 364 3479 quoties
379 3413 460 3476 opus
475 3400 533 3477 est,
549 3399 583 3456 et
601 3391 635 3456 id
655 3393 725 3456 fieri
743 3412 795 3455 res
815 3392 925 3474 exigit,
941 3393 1141 3458 confidenter
1155 3395 1196 3458 ed

240 3503 378 3562 vestram
401 3497 536 3561 decurro
559 3497 828 3576 benevolentiam,
853 3504 886 3561 et
910 3498 1045 3581 repulsae
1068 3499 1196 3566 nescius

240 3622 359 3664 munus
385 3599 495 3664 statim
520 3600 634 3682 gratiae
660 3599 701 3664 ad
728 3608 839 3664 votum
866 3601 948 3664 mihi
971 3603 1195 3685 respondentis

240 3701 370 3784 excipio.
416 3701 512 3766 Quod
539 3701 614 3785 quia
639 3723 861 3786 saepenumero
885 3702 962 3786 ipsis
985 3705 1055 3787 jam
1086 3726 1196 3770 rerum

240 3804 439 3888 argumentis
459 3812 610 3886 expertus
632 3827 715 3882 sum,
738 3805 773 3867 iu
795 3811 960 3869 consuetae
981 3807 1063 3869 mihi
1084 3808 1196 3890 gratiae

240 3907 354 3972 limina
369 3906 569 3970 confidenter
583 3908 738 3990 irrumpo,
759 3907 925 3989 postulans
939 3916 979 3971 ιιι
992 3907 1126 3981 tratrem
1140 3911 1194 3973 W.

240 4014 291 4077 cui
313 4011 354 4076 ad
377 4012 557 4075 doctrinam
580 4009 724 4089 scientia,
746 4019 779 4074 et
803 4011 845 4074 ad
867 4011 1069 4075 honestatem
1091 4033 1196 4076 mores

240 4115 428 4192 exuberant,
444 4135 605 4197 quemque
625 4121 663 4177 ut
683 4113 789 4189 audio,
804 4113 840 4185 in
856 4115 993 4196 gratiam
1005 4115 1075 4196 jam
1094 4115 1195 4178 admi-

240 4219 335 4297 sistis,
356 4226 389 4282 et
412 4218 568 4281 electione
590 4217 727 4280 fratrum
748 4215 938 4281 Malvernise
959 4217 1097 4300 priorem
1120 4238 1195 4280 con-

240 4321 403 4400 stituistis,
426 4341 535 4385 amore
558 4319 621 4384 Dei
644 4340 787 4404 meaeque
811 4319 976 4402 petitionis
998 4319 1130 4395 intuitu,
1154 4321 1194 4384 de
1289 4317 1292 4322 ’
