3225 5192
260 695 328 748 aa.
344 638 544 772 1'1'39-485
593 693 806 738 enocrsrarn
821 691 1041 738 srrsrosna
1134 677 1209 742 57
1267 653 1271 658 ’

229 925 247 942 ”
351 925 573 992 nrlsrouA
596 925 1123 994 XLI.—snsoeru1uursrsu.
1164 895 1203 970 ⁹·
1268 871 1341 944 ἲ
1442 874 1447 888 ⁸

261 1079 356 1142 Patri
383 1097 438 1141 sao
467 1083 498 1141 et
528 1076 664 1154 domim,
693 1096 810 1140 summo
838 1077 900 1140 Dei
931 1051 1040 1158 prelio
1067 1078 1213 1161 pontifici

303 1177 571 1264 &praestoler
588 1177 827 1246 Gxeooeatate
835 1181 939 1255 actua
952 1179 1058 1259 eidos,
1073 1181 1213 1247 obediere
1293 1209 1300 1220 ·
1406 1183 1425 1224 ·'
1488 1182 1494 1193 ’

305 1286 382 1349 liam
396 1283 549 1362 tamtan,
565 1287 596 1345 et
610 1279 888 1366 debitisemalotroe
901 1282 1086 1365 adaequans
1122 1326 1134 1381 ',
1224 1362 1227 1372 Ι

307 1435 414 1501 Quoia
438 1431 586 1516 suspiret,
611 1431 727 1496 dilecte
749 1438 851 1515 pater,
869 1431 913 1509 ad
931 1453 987 1496 vos
1009 1424 1230 1498 ecelesiarum·
1304 1513 1308 1520 .
1324 1430 1330 1444 “
1349 1492 1353 1499 .

263 1545 351 1603 totus
372 1536 501 1620 Angliae
521 1536 620 1600 facies
644 1535 819 1602 admodum
841 1536 993 1613 desolata,
1015 1526 1215 1604 una'tsrnen
1266 1525 1270 1534 ¹
1300 1548 1304 1557 '

261 1649 313 1709 aa
332 1637 627 1704 Malmesberiensis
641 1637 783 1716 eeclesia,
799 1637 853 1712 eni
866 1638 929 1702 nisi
943 1639 1008 1703 oito
1020 1639 1215 1704 subventum

263 1737 434 1822 fueritnil
451 1743 520 1827 jam
542 1741 603 1805 sibi
625 1740 731 1805 solatii
753 1748 908 1824 superest,
924 1741 986 1804 nisi
1004 1743 1089 1825 quod
1108 1749 1158 1807 est
1179 1743 1215 1807 in
1234 1756 1239 1772 ·

265 1846 403 1912 adversis
411 1844 596 1930 pessimum,
606 1844 732 1909 felicem
742 1843 927 1928 aliquandiu
938 1845 1092 1909 extitisse.
1115 1846 1214 1926 Nam,

139 2024 146 2035 Ι
195 1965 199 1974 ’
265 1951 349 2016 siem
374 1947 497 2015 ovicula
521 1948 590 2030 lupi
615 1945 762 2012 faucibus
785 1946 992 2030 deprehensa,
1017 1970 1081 2031 quo
1102 1949 1216 2014 evadat

210 2040 218 2053 ¹
264 2075 333 2118 non
346 2051 481 2129 invenit,
493 2050 538 2114 sio
552 2051 623 2135 ipsa
633 2048 757 2114 castelli
770 2048 857 2132 quod
871 2049 906 2113 in
921 2051 990 2134 ejus
1004 2050 1105 2116 fundo
1120 2053 1217 2116 simul

266 2163 299 2221 et
313 2157 395 2222 atrio
410 2154 509 2219 situm
528 2161 587 2231 est,
603 2159 777 2236 angustata
795 2152 966 2233 moenibus,
982 2160 1015 2218 et
1029 2155 1217 2222 habitatori·

148 2324 154 2332 ,
264 2259 326 2324 bus
348 2258 475 2335 afflicta,
490 2263 597 2322 totum
614 2257 682 2321 fere
701 2257 788 2340 quod
806 2257 970 2321 facultatis
984 2264 1130 2338 terrene,
1146 2281 1217 2344 per-

266 2359 359 2439 didit,
374 2367 411 2425 et
431 2359 517 2443 quod
535 2357 699 2442 religionis
717 2357 804 2442 apud
824 2380 858 2423 se
880 2359 1009 2425 fovebat
1031 2367 1065 2425 et
1086 2362 1218 2441 ordinis,

267 2465 433 2530 evanuisse
461 2463 591 2547 penitus
619 2462 813 2545 ingemiseit.
861 2462 927 2526 Vix
955 2471 1005 2526 est
1034 2466 1120 2547 quod
1149 2468 1219 2550 mus

267 2567 443 2634 calamitati
462 2567 531 2650 jam
552 2565 654 2649 possit
674 2565 778 2650 adjici,
794 2567 887 2650 cujus
907 2573 940 2630 et
958 2566 1047 2631 loeus
1064 2568 1101 2631 in
1115 2576 1219 2634 extre-

267 2690 354 2736 mam
370 2669 600 2736 desolationem
615 2668 711 2732 datus
725 2674 775 2732 est
790 2676 825 2733 et
835 2668 903 2737 ,filii
926 2669 963 2733 in
980 2669 1220 2753 dispersionem.

178 2789 180 2794 ’
269 2774 336 2838 Ubi
350 2773 439 2838 enim
453 2794 474 2837 a
488 2772 591 2837 saneti
608 2772 709 2856 patris
723 2771 889 2836 Aldhelmi
908 2777 1053 2855 tempore
1067 2773 1138 2836 lans
1158 2774 1221 2838 Dei

268 2875 452 2956 resonabat,
465 2875 531 2939 illie
553 2873 649 2939 hodie
670 2885 796 2941 armata
817 2875 993 2938 satellitem
1015 2876 1113 2941 turba
1130 2885 1165 2941 et
1185 2878 1222 2942 in

207 3032 211 3042 .
271 3001 410 3058 omnem,
422 2979 565 3062 inquam
577 2977 770 3042 oonduoitur
782 2977 994 3063 impietatem,
1006 2981 1223 3061 promtissima
1329 3009 1338 3028 ·

272 3082 384 3147 eohors
406 3079 547 3146 militum
573 3079 798 3145 debacchatur.
845 3082 959 3146 Restat
981 3081 1083 3164 igitur
1107 3082 1223 3148 dileoto

271 3185 363 3250 fratri
392 3194 503 3249 nostro
533 3191 581 3247 et'
599 3183 744 3268 ejusdem
778 3182 919 3248 ecolesiae
954 3183 1063 3250 abbati
1092 3184 1224 3250 domino

272 3288 380 3367 Petro,
404 3287 502 3352 vestri
528 3287 647 3371 pietate
671 3286 796 3350 oonsilii
822 3287 990 3356 ecelesiam
1012 3309 1105 3352 suam
1126 3295 1160 3352 et
1182 3289 1223 3356 ab
1451 3369 1457 3382 ⁸

271 3389 532 3456 infestationibus
552 3391 620 3474 jam
635 3389 730 3454 dietis
745 3389 825 3467 erui,
841 3390 954 3454 autad
976 3391 1080 3474 ipsam
1093 3392 1225 3474 penitus
1311 3443 1320 3458 .
1377 3399 1384 3411 '

272 3515 340 3558 non
356 3493 484 3558 reverti.
531 3491 567 3555 Si
585 3493 681 3576 juxta
699 3492 863 3576 prophetae
877 3513 998 3573 vocem,
1014 3494 1139 3576 gladius
1158 3496 1224 3559 Do-
1246 3502 1252 3511 ”

272 3596 353 3660 mini
367 3601 520 3660 exacutus
535 3601 594 3673 est,
604 3601 642 3657 nt
657 3594 824 3677 splendeat
838 3594 969 3659 limatus
980 3603 1039 3675 est,
1055 3603 1120 3661 stet
1135 3605 1225 3682 opta·

273 3721 346 3764 mus
368 3700 405 3763 in
427 3719 529 3762 manu
553 3697 765 3780 percutientis
787 3705 821 3762 et
839 3697 1033 3763 vindicantis
1056 3700 1227 3783 opprobria

274 3801 442 3884 agminum
471 3799 534 3863 Dei
563 3795 672 3863 Israel.
725 3799 783 3864 Nil
813 3799 962 3884 equidem
990 3801 1227 3868 miserieordius

274 3911 379 3968 vestra
400 3900 493 3966 nobis
515 3907 622 3986 posset
640 3901 756 3964 caritas
774 3901 933 3980 exhibere,
948 3923 1047 3986 quam
1063 3905 1099 3968 in
1120 3915 1228 3989 partes

274 4017 400 4069 nostras
417 4001 600 4086 quempiam
616 4003 763 4086 dirigere,
779 4005 835 4087 qui
852 4025 977 4088 eaquae
995 4007 1057 4070 Dei
1076 4015 1109 4072 et
1123 4016 1230 4073 vestra

275 4115 363 4186 sunt,
380 4107 448 4172 selo
464 4106 560 4170 eoiret
580 4127 724 4189 congruo
740 4113 946 4190 pertractare.
991 4109 1166 4174 conservet
1179 4111 1230 4173 in·

275 4209 497 4276 columitatem
526 4216 664 4273 vestram
698 4209 734 4272 in
763 4211 861 4293 longa
887 4217 1044 4294 tempora,
1074 4212 1129 4293 qui
1162 4231 1230 4276 non

277 4313 441 4392 dormitat,
457 4317 565 4378 eustos
580 4312 691 4392 Israel,
706 4313 742 4377 in
756 4313 887 4379 Christo
901 4314 1018 4378 dileote
1031 4322 1132 4398 pater.
