3225 5192
283 642 350 689 no.
369 623 590 708 nel-894·
617 646 865 689 connonrsnsrs
882 580 1058 688 rrrsronls.
1167 628 1229 690 241

281 760 447 839 babentes,
479 760 667 825 ‘Calamam
697 768 884 844 quassatum
915 782 982 825 non
1011 769 1167 839 conteres,
1198 768 1239 844 et,

280 862 384 926 linum
407 862 570 946 fumigans
596 884 662 927 non
684 863 874 946 extinguas,'
896 862 1000 926 celum
1025 861 1118 925 illum
1140 882 1231 925 sune·

280 972 362 1045 tum,
378 965 434 1049 qui
456 964 496 1029 ad
518 964 734 1029 ulciscendam
756 986 897 1043 omnem,
913 987 984 1048 quae
1006 964 1147 1028 ecclesiae
1168 964 1231 1027 Dei

279 1069 450 1151 irrogatur,
468 1068 622 1152 injuriam
641 1066 845 1132 laudabiliter
864 1067 942 1151 igne
960 1067 1071 1131 Divini
1090 1066 1230 1149 Spiritus

280 1192 432 1236 accensus
446 1179 505 1249 est,
522 1172 548 1235 si
568 1173 682 1256 placet,
698 1172 739 1236 ad
758 1179 887 1255 tempus
906 1172 994 1235 intra
1007 1172 1088 1235 fines
1104 1171 1228 1234 modes·

279 1276 335 1339 tiae
350 1274 536 1353 cohibeatis,
551 1296 593 1339 ne
611 1275 661 1339 vel
679 1275 845 1339 interdicti
864 1276 1070 1352 sententiam,
1084 1274 1135 1338 vel
1154 1274 1229 1337 ulti·

279 1398 369 1441 mum
388 1377 468 1441 illud
488 1377 682 1461 praecisionis
702 1377 843 1460 elogium
862 1376 1062 1461 proferendo,
1080 1375 1229 1440 ecclesias

278 1480 441 1543 universas
467 1479 609 1543 subverti
635 1479 749 1543 misere
775 1478 927 1543 doleatis:
959 1485 992 1543 et
1021 1485 1090 1542 tam
1118 1499 1228 1561 regem

278 1583 393 1667 ipsum,
417 1605 513 1666 qnam
538 1584 727 1647 innumeros
752 1604 826 1646 cum
852 1603 891 1646 eo
915 1583 1049 1666 populos
1072 1589 1228 1659 svestra,

278 1685 363 1769 quod
383 1686 476 1763 absit,
492 1685 675 1750 obedientia
695 1684 944 1749 irrevocabiliter
960 1685 1119 1749 avertatis.
1165 1686 1228 1749 Bo-

277 1810 355 1852 num
385 1796 434 1853 est
463 1787 645 1853 membrum
675 1788 772 1872 capiti
802 1787 962 1853 oohaerere
989 1787 1040 1851 vel
1072 1788 1226 1866 saucium,

276 1912 372 1973 quam
388 1913 407 1956 a
421 1912 553 1975 corpore
568 1890 760 1975 sequestrari
771 1892 840 1975 jam
856 1890 1033 1973 praecisum.
1076 1890 1227 1954 Bedeum

277 1994 316 2057 ad
336 1994 510 2058 sanitatem
530 1994 647 2073 saucio,
668 1994 724 2058 sed
743 1993 869 2077 corpori
887 1993 939 2056 vix
960 1993 1142 2057 coalescunt
1158 1994 1227 2077 jam

275 2096 415 2179 praecisa.
459 2096 603 2161 Adducit
627 2097 883 2181 desperationem
909 2096 1061 2180 praecisio,
1084 2095 1227 2160 restituit

275 2200 447 2264 sanitatem
470 2199 595 2263 vulneri
618 2220 702 2283 saepe
726 2198 916 2262 medicantis
939 2199 1091 2282 operatio.
1137 2198 1226 2263 Quid

275 2302 361 2365 enim
382 2302 408 2365 si
432 2322 536 2365 sermo
556 2309 662 2365 vester
681 2302 828 2365 nondum
846 2302 941 2384 plene
960 2303 1046 2385 capit
1066 2310 1123 2366 aut
1142 2302 1227 2385 capi-

274 2405 352 2467 tur?
397 2402 557 2487 Nunquid
580 2403 689 2467 divina
712 2403 911 2487 desperanda
934 2411 983 2467 est
1009 2404 1123 2486 gratia,
1148 2405 1227 2488 quin

274 2506 349 2583 cito,
374 2527 473 2589 quum
494 2506 589 2584 volet,
612 2514 646 2571 et
667 2507 772 2590 capiat
798 2513 833 2569 et
856 2505 1024 2590 capiatur?
1068 2506 1227 2588 Nunquid

274 2606 460 2673 abbreviata
485 2617 534 2673 est
559 2630 675 2672 manus
701 2608 844 2688 Domini,
867 2616 905 2671 ut
930 2608 1052 2671 salvare
1076 2615 1226 2691 nequeat,

275 2719 332 2775 ant
347 2711 431 2775 auris
447 2712 516 2797 ejus
531 2718 713 2795 aggravata,
728 2717 768 2775 ut
784 2732 852 2775 non
867 2708 1040 2774 exaudiat?
1085 2708 1227 2773 Currens

273 2814 328 2877 ille
350 2834 454 2877 sermo
477 2815 610 2879 Domini
631 2814 791 2893 velociter,
812 2813 922 2877 statim
943 2834 1044 2895 quum
1065 2812 1144 2890 vult,
1166 2813 1226 2877 im·

274 2924 380 2980 mutat
402 2917 521 2997 omnia,
543 2925 576 2981 et
599 2924 782 2982 sanctorum
805 2915 954 3000 precibus
976 2914 1032 2979 dat
1054 2914 1225 2997 insperata.

276 3019 415 3103 Sanguis
436 3021 545 3103 regius
560 3028 632 3085 tum
647 3042 681 3085 se
697 3020 828 3085 demum
842 3018 1000 3103 permittit
1015 3018 1109 3095 vinei,
1126 3038 1226 3101 quum

273 3123 404 3188 vicerit:
418 3144 487 3188 ,nec
507 3123 743 3187 verecundatur
761 3123 883 3201 cedere,
900 3142 1000 3206 quum
1019 3121 1225 3204 superaverit.

274 3226 529 3290 Mansuetudine
554 3226 742 3291 tolerandus
767 3234 828 3304 est,
853 3225 986 3288 monitis
1012 3232 1045 3288 et
1070 3224 1228 3307 patientia

274 3329 482 3412 superandus.
529 3329 616 3395 Quid
638 3329 726 3393 enim
746 3329 774 3393 si
791 3329 951 3413 jacturam
967 3329 1129 3412 quandam
1144 3337 1226 3393 tem-

273 3431 431 3515 poralium
446 3431 569 3497 invehit
585 3431 729 3496 exhibita
742 3432 778 3494 iu
792 3438 921 3515 tempus
935 3432 1114 3515 patientia?
1147 3433 1226 3497 Non

274 3535 362 3599 enim
381 3543 430 3600 est
450 3535 585 3599 dubium
605 3535 766 3600 severitati
781 3536 1017 3601 detrahendum
1031 3535 1110 3616 lore,
1126 3560 1226 3621 quum

274 3650 396 3726 strages
411 3643 560 3707 imminet
577 3644 787 3727 populornmz
811 3653 845 3709 et
864 3665 965 3729 quum
985 3652 1159 3728 tempestas
1178 3646 1226 3710 iu·

275 3748 372 3829 grnit,
395 3746 431 3811 in
451 3768 542 3811 mare
564 3747 679 3812 debere
703 3748 807 3813 multa
829 3748 951 3833 projici,
973 3756 1011 3812 ut
1033 3748 1075 3812 ud
1096 3758 1226 3832 portum

273 3850 377 3914 valeat
392 3850 481 3914 naris
497 3850 583 3916 salva
597 3850 739 3935 perduci.

318 3952 523 4036 Insipienter,
536 3961 680 4019 attamen
695 3954 729 4016 in
745 3954 879 4017 caritate
893 3975 960 4018 non
974 3955 1052 4018 ficta
1065 3955 1111 4018 sic
1124 3955 1227 4038 loqui·

273 4075 357 4134 mur,
370 4056 396 4119 si
412 4056 458 4121 sic
473 4057 519 4121 rei
535 4058 609 4122 finis
624 4056 792 4135 exstiterit,
804 4064 843 4120 nt
857 4057 982 4121 amissis
996 4057 1063 4121 suis
1077 4056 1228 4120 dominus
1321 4081 1327 4094 ·

275 4158 518 4223 Cantuariensis
533 4161 663 4225 exilium
675 4162 755 4244 juge
770 4159 938 4239 sustineat,
954 4169 987 4224 et
1001 4160 1124 4237 vestris,
1142 4157 1228 4241 quod

274 4262 367 4341 absit,
391 4264 552 4329 mandatis
575 4263 709 4328 ulterius
732 4263 854 4346 Anglia
876 4284 943 4327 non
966 4262 1104 4339 obediat,
1128 4262 1227 4327 fnisse

739 4388 759 4430 n
