3225 5192
382 682 447 743 230
694 698 856 742 oinsnarr
873 698 1023 743 crisconi

382 822 548 879 conservet
569 813 725 893 ordinem,
742 813 987 877 adventantium
1010 812 1067 877 ubi
1088 813 1208 877 relevet
1229 832 1338 878 neces-

383 920 523 983 sitatem.
569 917 667 982 Unde
686 938 762 981 cum
782 916 985 1000 supplicante
1004 919 1155 999 petimus,
1170 937 1246 979 oum
1265 937 1338 980 exo·

383 1029 476 1087 rante
488 1022 680 1087 sublimitati
691 1032 805 1088 vestrae
819 1044 930 1107 preces
944 1022 1120 1088 affectuose
1133 1022 1338 1106 porrigimus,

383 1134 422 1191 ut
448 1126 509 1191 sibi
538 1128 706 1191 literarum
731 1134 912 1191 vestrarum
937 1126 1106 1193 subveniat
1131 1126 1261 1191 indulta
1286 1126 1339 1211 pie
1400 1164 1413 1185 .

383 1229 578 1313 benignitas,
604 1238 643 1294 ut
669 1230 756 1313 quod
778 1230 988 1295 machinante
1012 1230 1157 1313 maligno
1182 1229 1339 1293 dirissime

384 1334 618 1417 conflagratum
648 1343 707 1412 est,
738 1334 774 1397 in
808 1334 878 1417 ejus
911 1334 1125 1417 ignominiam
1154 1332 1339 1415 Christique

385 1457 560 1520 perennem
579 1436 713 1519 gloriam
728 1444 835 1501 vestra
853 1436 1007 1502 reformet
1026 1437 1212 1515 auctoritas,
1227 1444 1266 1500 ut
1279 1456 1339 1519 ope

385 1550 492 1605 vestra
506 1540 677 1623 dissipatus
691 1540 769 1605 ordo
784 1540 961 1618 convaleat,
972 1541 1089 1605 caritas
1100 1540 1236 1623 antiqua
1248 1540 1338 1603 redo-

385 1651 466 1721 reat,
482 1650 516 1707 et
530 1650 652 1707 statuto
666 1642 754 1707 vobis
775 1644 954 1707 memoriali
974 1644 1114 1727 quodam
1133 1650 1256 1707 aeterno
1274 1662 1340 1725 prae

386 1747 487 1811 oculis
513 1768 638 1831 semper
663 1745 780 1811 habeat
803 1755 980 1811 conventus
1003 1747 1058 1811 ille
1080 1746 1229 1825 fratrum,
1253 1744 1339 1809 uude

387 1849 554 1913 sanctitati
567 1856 680 1913 vestre
699 1850 818 1931 gratias
836 1848 1059 1913 indesinenter
1072 1850 1209 1914 exolvat.
1254 1848 1338 1912 Con·

387 1961 491 2017 servet
514 1952 770 2017 incolumitatem
796 1952 956 2017 Dominus
979 1959 1128 2031 vestram,
1150 1954 1188 2017 in
1211 1952 1340 2015 Christo

387 2054 503 2119 dilecte
518 2064 618 2138 pater.

517 2358 738 2423 EPISTOLA
761 2358 1043 2423 CLXVIIL-so
1060 2380 1215 2422 rounam.

388 2510 483 2573 Patri
497 2530 551 2573 sao
566 2516 596 2573 et
612 2510 732 2573 deniae
747 2530 863 2573 mmmo
871 2508 1017 2592 pontifici
1031 2511 1072 2572 A.
1079 2510 1191 2591 frater
1204 2512 1242 2573 G.
1258 2510 1339 2573 Loa-

432 2614 587 2678 denieasis
606 2616 738 2678 ecclesie
757 2614 907 2692 minister,
929 2619 1027 2677 totam
1046 2614 1131 2696 quod
1146 2635 1186 2678 ec
1206 2635 1239 2678 se
1260 2616 1341 2678 volet

432 2720 556 2781 humilia
571 2724 601 2781 et
616 2718 660 2779 ad
673 2718 871 2780 obediendam
878 2722 1028 2799 promta
1043 2718 1173 2781 devotio.

435 2872 603 2933 Susr1ssr
626 2876 717 2953 pater
740 2868 782 2931 ad
805 2889 860 2931 vos
886 2869 1118 2933 Wintoniensis
1142 2870 1285 2949 ecclesia,
1307 2878 1341 2933 et

390 2974 466 3058 quia
484 2979 607 3056 spectat
628 2972 669 3037 ad
689 2993 744 3037 vos
765 2972 971 3037 ecclesiarum
985 2973 1131 3037 omnium
1149 2972 1339 3052 sollicitudo,

390 3100 448 3141 sua
463 3098 571 3141 coram
584 3075 672 3139 vobis
688 3075 782 3139 anxie
797 3076 943 3159 deplorat
958 3075 1173 3141 incommoda.
1219 3076 1341 3141 Orbata

390 3189 491 3265 patre,
512 3178 642 3243 aliunde
660 3179 787 3262 jamdiu
809 3179 870 3243 sibi
892 3178 1104 3244 emendicavit
1125 3180 1288 3265 suffragia,
1308 3187 1341 3245 et

391 3284 431 3348 de
450 3283 635 3368 longinquis
655 3284 772 3347 finibus
792 3284 934 3349 evocavit
951 3284 1125 3367 episcopos,
1139 3292 1179 3349 ut
1192 3284 1340 3350 commia-

391 3388 434 3452 sia
452 3386 513 3451 sibi
532 3386 657 3469 populis
677 3392 801 3451 statuta
815 3387 941 3452 coelitus
955 3387 1219 3453 administrarent
1237 3410 1341 3455 sacra·

390 3497 510 3557 menta.
557 3490 638 3555 Haec
653 3490 760 3570 etiam,
776 3490 904 3556 urente
917 3498 1010 3575 patre
1023 3513 1092 3572 suo,
1107 3499 1199 3576 patre
1214 3492 1342 3576 jamdiu

391 3597 503 3674 caruit,
521 3617 617 3680 quem
632 3597 672 3661 ab
688 3598 952 3664 administrandis
970 3600 1021 3663 his
1036 3600 1153 3684 quibus
1171 3608 1206 3665 et
1225 3600 1341 3666 fianda-

391 3708 445 3764 tur
468 3708 501 3765 et
525 3700 669 3784 erigitur,
693 3710 726 3766 et
749 3703 791 3767 ad
814 3704 994 3787 perfectum
1015 3703 1188 3769 adducitur
1208 3705 1343 3771 oeclesia

390 3804 462 3883 Dei,
477 3804 547 3888 ipsa
561 3804 612 3867 sui
627 3806 766 3889 corporis
780 3806 983 3871 imbecillitas
997 3808 1103 3873 multo
1114 3808 1246 3892 quidem
1260 3815 1341 3873 tem-

390 3928 466 3992 pore
481 3907 676 3991 praepedivit.
722 3910 804 3975 Quas
820 3912 886 3975 suis
896 3912 964 3995 jam
979 3912 1079 3977 tinem
1093 3912 1257 3996 gaudebat
1270 3934 1341 3996 pro-

389 4012 513 4076 venisse
528 4011 681 4095 suspiriis,
697 4020 730 4077 et
744 4014 780 4077 in
794 4015 897 4080 electo
912 4036 971 4081 suo
985 4036 1082 4099 quem
1096 4016 1178 4081 votis
1192 4015 1343 4080 omnibus

390 4120 604 4199 exoptaverat,
628 4122 662 4179 et
691 4116 726 4179 in
755 4124 880 4201 patrem
910 4118 971 4183 sibi
998 4128 1225 4205 pastoremque
1253 4122 1344 4186 nullo

389 4218 517 4301 penitus
557 4219 798 4285 contradicente
835 4222 885 4284 vel
921 4223 1118 4289 reclamante
1155 4226 1343 4290 sollenniter

389 4323 540 4404 elegerat,
565 4323 668 4389 multa
692 4324 792 4391 animi
814 4326 1017 4409 jocunditate
1041 4327 1230 4412 respirabat
1274 4332 1342 4395 Au-
