<?xml version="1.0" encoding="UTF-8"?>
<!DOCTYPE html PUBLIC "-//W3C//DTD XHTML 1.0 Transitional//EN"
    "http://www.w3.org/TR/xhtml1/DTD/xhtml1-transitional.dtd">
<html xmlns="http://www.w3.org/1999/xhtml" xml:lang="en" lang="en">
 <head>
  <title>
</title>
<meta http-equiv="Content-Type" content="text/html;charset=utf-8" />
  <meta name='ocr-system' content='tesseract 3.04.00' />
  <meta name='ocr-capabilities' content='ocr_page ocr_carea ocr_par ocr_line ocrx_word'/>
</head>
<body>
  <div class='ocr_page' id='page_1' title='image "./gilbertiexabbat00gilegoog_0114.png"; bbox 0 0 3225 5192; ppageno 0'>
   <div class='ocr_carea' id='block_1_1' title="bbox 271 694 1225 778">
    <p class='ocr_par' dir='ltr' id='par_1_1' title="bbox 271 694 1225 778">
     <span class='ocr_line' id='line_1_1' title="bbox 271 694 1225 778; baseline 0.005 -20"><span class='ocrx_word' id='word_1_1' title='bbox 271 716 337 758; x_wconf 77' lang='lat' dir='ltr'><strong>sn.</strong></span> <span class='ocrx_word' id='word_1_2' title='bbox 356 694 554 778; x_wconf 79' lang='lat'>1139—48.]</span> <span class='ocrx_word' id='word_1_3' title='bbox 603 714 815 761; x_wconf 77' lang='lat' dir='ltr'><strong>nmcnsssss</strong></span> <span class='ocrx_word' id='word_1_4' title='bbox 831 703 1016 762; x_wconf 63' lang='lat' dir='ltr'><strong>susionis?</strong></span> <span class='ocrx_word' id='word_1_5' title='bbox 1117 765 1120 772; x_wconf 74' lang='grc'><em>,</em></span> <span class='ocrx_word' id='word_1_6' title='bbox 1181 701 1225 763; x_wconf 84' lang='grc'><strong>83</strong></span> 
     </span>
    </p>
   </div>
   <div class='ocr_carea' id='block_1_2' title="bbox 267 830 1225 1436">
    <p class='ocr_par' dir='ltr' id='par_1_2' title="bbox 267 830 1225 1436">
     <span class='ocr_line' id='line_1_2' title="bbox 269 830 1223 921; baseline 0.006 -25"><span class='ocrx_word' id='word_1_7' title='bbox 269 830 437 898; x_wconf 88' lang='lat' dir='ltr'><strong>dominum</strong></span> <span class='ocrx_word' id='word_1_8' title='bbox 457 830 638 896; x_wconf 76' lang='lat' dir='ltr'><strong>Robustum</strong></span> <span class='ocrx_word' id='word_1_9' title='bbox 655 832 759 897; x_wconf 85' lang='lat' dir='ltr'><strong>lilium</strong></span> <span class='ocrx_word' id='word_1_10' title='bbox 781 834 919 914; x_wconf 79' lang='lat' dir='ltr'><strong>sumitis,</strong></span> <span class='ocrx_word' id='word_1_11' title='bbox 934 842 969 899; x_wconf 87' lang='lat' dir='ltr'><strong>et</strong></span> <span class='ocrx_word' id='word_1_12' title='bbox 990 854 1124 901; x_wconf 83' lang='lat' dir='ltr'><strong>uxorem</strong></span> <span class='ocrx_word' id='word_1_13' title='bbox 1143 836 1223 921; x_wconf 89' lang='lat' dir='ltr'><strong>ejus,</strong></span> 
     </span>
     <span class='ocr_line' id='line_1_3' title="bbox 268 934 1224 1027; baseline 0.005 -27"><span class='ocrx_word' id='word_1_14' title='bbox 268 942 302 1000; x_wconf 89' lang='lat' dir='ltr'><strong>et</strong></span> <span class='ocrx_word' id='word_1_15' title='bbox 315 955 427 999; x_wconf 86' lang='lat' dir='ltr'><strong>omnes</strong></span> <span class='ocrx_word' id='word_1_16' title='bbox 441 934 577 999; x_wconf 86' lang='lat' dir='ltr'><strong>heredes</strong></span> <span class='ocrx_word' id='word_1_17' title='bbox 593 934 629 999; x_wconf 92' lang='lat' dir='ltr'><strong>in</strong></span> <span class='ocrx_word' id='word_1_18' title='bbox 648 943 852 1020; x_wconf 82' lang='lat' dir='ltr'><strong>perpetuum,</strong></span> <span class='ocrx_word' id='word_1_19' title='bbox 867 943 901 1001; x_wconf 87' lang='lat' dir='ltr'><strong>et</strong></span> <span class='ocrx_word' id='word_1_20' title='bbox 915 937 1086 1003; x_wconf 87' lang='lat' dir='ltr'><strong>dominum</strong></span> <span class='ocrx_word' id='word_1_21' title='bbox 1101 940 1224 1027; x_wconf 79' lang='lat' dir='ltr'><strong>castelli</strong></span> 
     </span>
     <span class='ocr_line' id='line_1_4' title="bbox 269 1039 1225 1125; baseline 0.006 -20"><span class='ocrx_word' id='word_1_22' title='bbox 269 1039 467 1119; x_wconf 76' lang='lat' dir='ltr'><strong>Gloesssriae,</strong></span> <span class='ocrx_word' id='word_1_23' title='bbox 483 1040 678 1125; x_wconf 82' lang='lat' dir='ltr'><strong>quicumque</strong></span> <span class='ocrx_word' id='word_1_24' title='bbox 696 1062 841 1125; x_wconf 75' lang='lat' dir='ltr'><strong>unquam</strong></span> <span class='ocrx_word' id='word_1_25' title='bbox 860 1042 990 1107; x_wconf 81' lang='lat' dir='ltr'><strong>futurus</strong></span> <span class='ocrx_word' id='word_1_26' title='bbox 1014 1044 1067 1124; x_wconf 87' lang='lat' dir='ltr'><strong>sit,</strong></span> <span class='ocrx_word' id='word_1_27' title='bbox 1082 1046 1225 1112; x_wconf 67' lang='lat' dir='ltr'><strong>enclesis</strong></span> 
     </span>
     <span class='ocr_line' id='line_1_5' title="bbox 267 1142 1222 1229; baseline 0.007 -22"><span class='ocrx_word' id='word_1_28' title='bbox 267 1142 353 1207; x_wconf 81' lang='lat' dir='ltr'><strong>besti</strong></span> <span class='ocrx_word' id='word_1_29' title='bbox 368 1143 457 1207; x_wconf 76' lang='lat' dir='ltr'><strong>Petri</strong></span> <span class='ocrx_word' id='word_1_30' title='bbox 471 1143 609 1211; x_wconf 89' lang='lat' dir='ltr'><strong>liberum</strong></span> <span class='ocrx_word' id='word_1_31' title='bbox 624 1151 657 1209; x_wconf 88' lang='lat' dir='ltr'><strong>et</strong></span> <span class='ocrx_word' id='word_1_32' title='bbox 669 1145 816 1229; x_wconf 88' lang='lat' dir='ltr'><strong>quietum</strong></span> <span class='ocrx_word' id='word_1_33' title='bbox 830 1145 951 1229; x_wconf 83' lang='lat' dir='ltr'><strong>ubsque</strong></span> <span class='ocrx_word' id='word_1_34' title='bbox 965 1149 1055 1211; x_wconf 91' lang='lat' dir='ltr'><strong>omni</strong></span> <span class='ocrx_word' id='word_1_35' title='bbox 1069 1149 1222 1215; x_wconf 77' lang='lat' dir='ltr'><strong>reclame-</strong></span> 
     </span>
     <span class='ocr_line' id='line_1_6' title="bbox 268 1246 1222 1332; baseline 0.006 -21"><span class='ocrx_word' id='word_1_36' title='bbox 268 1246 357 1311; x_wconf 89' lang='lat' dir='ltr'><strong>tioue</strong></span> <span class='ocrx_word' id='word_1_37' title='bbox 378 1253 616 1311; x_wconf 82' lang='lat' dir='ltr'><strong>oonsesserunt.</strong></span> <span class='ocrx_word' id='word_1_38' title='bbox 661 1246 715 1312; x_wconf 89' lang='lat' dir='ltr'><strong>Ad</strong></span> <span class='ocrx_word' id='word_1_39' title='bbox 740 1248 834 1332; x_wconf 83' lang='lat' dir='ltr'><strong>eujus</strong></span> <span class='ocrx_word' id='word_1_40' title='bbox 862 1249 910 1313; x_wconf 87' lang='lat' dir='ltr'><strong>rei</strong></span> <span class='ocrx_word' id='word_1_41' title='bbox 935 1252 1222 1331; x_wconf 77' lang='lat' dir='ltr'><strong>confirmationem,</strong></span> 
     </span>
     <span class='ocr_line' id='line_1_7' title="bbox 268 1349 1223 1436; baseline 0.008 -23"><span class='ocrx_word' id='word_1_42' title='bbox 268 1368 329 1432; x_wconf 82' lang='lat' dir='ltr'><strong>ego</strong></span> <span class='ocrx_word' id='word_1_43' title='bbox 346 1349 458 1413; x_wconf 86' lang='lat' dir='ltr'>Simon</span> <span class='ocrx_word' id='word_1_44' title='bbox 472 1349 708 1433; x_wconf 75' lang='lat' dir='ltr'>wigorniensis</span> <span class='ocrx_word' id='word_1_45' title='bbox 724 1351 901 1436; x_wconf 86' lang='lat' dir='ltr'><strong>episeopus,</strong></span> <span class='ocrx_word' id='word_1_46' title='bbox 916 1350 1085 1418; x_wconf 86' lang='lat' dir='ltr'><strong>dominum</strong></span> <span class='ocrx_word' id='word_1_47' title='bbox 1100 1355 1223 1420; x_wconf 77' lang='lat' dir='ltr'><strong>Robor-</strong></span> 
     </span>
    </p>
   </div>
   <div class='ocr_carea' id='block_1_3' title="bbox 266 1453 1224 1953">
    <p class='ocr_par' dir='ltr' id='par_1_3' title="bbox 266 1453 1224 1953">
     <span class='ocr_line' id='line_1_8' title="bbox 267 1453 1224 1541; baseline 0.006 -24"><span class='ocrx_word' id='word_1_48' title='bbox 267 1460 340 1517; x_wconf 82' lang='lat' dir='ltr'><strong>tum</strong></span> <span class='ocrx_word' id='word_1_49' title='bbox 360 1453 463 1517; x_wconf 85' lang='lat' dir='ltr'><strong>lilium</strong></span> <span class='ocrx_word' id='word_1_50' title='bbox 483 1453 609 1517; x_wconf 84' lang='lat' dir='ltr'><strong>comitis</strong></span> <span class='ocrx_word' id='word_1_51' title='bbox 630 1474 732 1519; x_wconf 87' lang='lat' dir='ltr'><strong>msuu</strong></span> <span class='ocrx_word' id='word_1_52' title='bbox 753 1454 922 1538; x_wconf 74' lang='lat' dir='ltr'><strong>accipiens,</strong></span> <span class='ocrx_word' id='word_1_53' title='bbox 937 1476 995 1541; x_wconf 88' lang='lat' dir='ltr'><strong>per</strong></span> <span class='ocrx_word' id='word_1_54' title='bbox 1011 1478 1146 1522; x_wconf 79' lang='lat' dir='ltr'><strong>menum</strong></span> <span class='ocrx_word' id='word_1_55' title='bbox 1166 1458 1224 1523; x_wconf 88' lang='lat' dir='ltr'><strong>lilii</strong></span> 
     </span>
     <span class='ocr_line' id='line_1_9' title="bbox 266 1556 1222 1644; baseline 0.007 -24"><span class='ocrx_word' id='word_1_56' title='bbox 266 1557 370 1621; x_wconf 80' lang='lat' dir='ltr'><strong>nostri</strong></span> <span class='ocrx_word' id='word_1_57' title='bbox 389 1556 528 1622; x_wconf 84' lang='lat' dir='ltr'><strong>Gilberti</strong></span> <span class='ocrx_word' id='word_1_58' title='bbox 551 1556 676 1623; x_wconf 80' lang='lat' dir='ltr'><strong>abbatis</strong></span> <span class='ocrx_word' id='word_1_59' title='bbox 697 1558 897 1639; x_wconf 78' lang='lat' dir='ltr'><strong>Glocestrioe,</strong></span> <span class='ocrx_word' id='word_1_60' title='bbox 911 1560 1020 1644; x_wconf 89' lang='lat' dir='ltr'><strong>ipsum</strong></span> <span class='ocrx_word' id='word_1_61' title='bbox 1042 1567 1076 1626; x_wconf 85' lang='lat' dir='ltr'><strong>et</strong></span> <span class='ocrx_word' id='word_1_62' title='bbox 1097 1582 1222 1627; x_wconf 80' lang='lat' dir='ltr'><strong>sucees-</strong></span> 
     </span>
     <span class='ocr_line' id='line_1_10' title="bbox 267 1660 1222 1745; baseline 0.005 -20"><span class='ocrx_word' id='word_1_63' title='bbox 267 1680 354 1725; x_wconf 81' lang='lat' dir='ltr'><strong>sores</strong></span> <span class='ocrx_word' id='word_1_64' title='bbox 368 1660 448 1745; x_wconf 86' lang='lat' dir='ltr'><strong>ejus,</strong></span> <span class='ocrx_word' id='word_1_65' title='bbox 463 1660 605 1726; x_wconf 79' lang='lat' dir='ltr'><strong>euelesiae</strong></span> <span class='ocrx_word' id='word_1_66' title='bbox 627 1660 714 1726; x_wconf 78' lang='lat' dir='ltr'><strong>beuti</strong></span> <span class='ocrx_word' id='word_1_67' title='bbox 736 1662 826 1727; x_wconf 81' lang='lat' dir='ltr'><strong>Petri</strong></span> <span class='ocrx_word' id='word_1_68' title='bbox 841 1663 1011 1742; x_wconf 80' lang='lat' dir='ltr'><strong>sttitnlsvi,</strong></span> <span class='ocrx_word' id='word_1_69' title='bbox 1027 1672 1061 1729; x_wconf 83' lang='lat' dir='ltr'><strong>et</strong></span> <span class='ocrx_word' id='word_1_70' title='bbox 1075 1664 1222 1730; x_wconf 81' lang='lat' dir='ltr'><strong>ubicum-</strong></span> 
     </span>
     <span class='ocr_line' id='line_1_11' title="bbox 268 1764 1224 1852; baseline 0.006 -25"><span class='ocrx_word' id='word_1_71' title='bbox 268 1784 330 1847; x_wconf 92' lang='lat' dir='ltr'><strong>que</strong></span> <span class='ocrx_word' id='word_1_72' title='bbox 349 1769 509 1829; x_wconf 83' lang='lat' dir='ltr'><strong>temmum</strong></span> <span class='ocrx_word' id='word_1_73' title='bbox 530 1764 681 1845; x_wconf 85' lang='lat' dir='ltr'><strong>obierint,</strong></span> <span class='ocrx_word' id='word_1_74' title='bbox 695 1766 732 1829; x_wconf 90' lang='lat' dir='ltr'><strong>in</strong></span> <span class='ocrx_word' id='word_1_75' title='bbox 751 1764 808 1829; x_wconf 79' lang='lat' dir='ltr'><strong>ills</strong></span> <span class='ocrx_word' id='word_1_76' title='bbox 822 1766 956 1831; x_wconf 78' lang='lat' dir='ltr'><strong>eeclesia</strong></span> <span class='ocrx_word' id='word_1_77' title='bbox 975 1768 1175 1852; x_wconf 83' lang='lat' dir='ltr'><strong>sepeliendos</strong></span> <span class='ocrx_word' id='word_1_78' title='bbox 1189 1776 1224 1833; x_wconf 86' lang='lat' dir='ltr'><strong>et</strong></span> 
     </span>
     <span class='ocr_line' id='line_1_12' title="bbox 266 1866 1202 1953; baseline 0.007 -23"><span class='ocrx_word' id='word_1_79' title='bbox 266 1866 458 1947; x_wconf 82' lang='lat' dir='ltr'><strong>humandos,</strong></span> <span class='ocrx_word' id='word_1_80' title='bbox 475 1867 646 1953; x_wconf 73' lang='lat' dir='ltr'><strong>episcopali</strong></span> <span class='ocrx_word' id='word_1_81' title='bbox 661 1870 854 1935; x_wconf 71' lang='lat' dir='ltr'><strong>auctoritate</strong></span> <span class='ocrx_word' id='word_1_82' title='bbox 868 1868 1030 1935; x_wconf 67' lang='lat' dir='ltr'><strong>eonstitui.</strong></span> <span class='ocrx_word' id='word_1_83' title='bbox 1075 1871 1202 1937; x_wconf 86' lang='lat' dir='ltr'><strong>Vslete.</strong></span> 
     </span>
    </p>
   </div>
   <div class='ocr_carea' id='block_1_4' title="bbox 279 2279 1205 2449">
    <p class='ocr_par' dir='ltr' id='par_1_4' title="bbox 279 2279 1205 2449">
     <span class='ocr_line' id='line_1_13' title="bbox 279 2279 1205 2350; baseline 0.008 -7"><span class='ocrx_word' id='word_1_84' title='bbox 279 2279 503 2347; x_wconf 75' lang='lat' dir='ltr'><strong>EPISTOLA</strong></span> <span class='ocrx_word' id='word_1_85' title='bbox 527 2281 742 2347; x_wconf 79' lang='lat' dir='ltr'><strong>LXVL-sn</strong></span> <span class='ocrx_word' id='word_1_86' title='bbox 759 2300 918 2346; x_wconf 78' lang='lat' dir='ltr'><strong>smosnu</strong></span> <span class='ocrx_word' id='word_1_87' title='bbox 934 2302 1205 2350; x_wconf 75' lang='lat' dir='ltr'><strong>wmoumsssnm</strong></span> 
     </span>
     <span class='ocr_line' id='line_1_14' title="bbox 644 2404 845 2449; baseline 0.005 -1"><span class='ocrx_word' id='word_1_88' title='bbox 644 2404 845 2449; x_wconf 75' lang='lat' dir='ltr'><strong>smscosuu.</strong></span> 
     </span>
    </p>
   </div>
   <div class='ocr_carea' id='block_1_5' title="bbox 268 2501 1221 2821">
    <p class='ocr_par' dir='ltr' id='par_1_5' title="bbox 268 2501 1221 2821">
     <span class='ocr_line' id='line_1_15' title="bbox 268 2501 1220 2623; baseline 0.001 -23"><span class='ocrx_word' id='word_1_89' title='bbox 268 2536 358 2600; x_wconf 83' lang='lat' dir='ltr'><strong>Patri</strong></span> <span class='ocrx_word' id='word_1_90' title='bbox 367 2557 423 2600; x_wconf 82' lang='lat' dir='ltr'><strong>suo</strong></span> <span class='ocrx_word' id='word_1_91' title='bbox 435 2543 465 2600; x_wconf 83' lang='lat' dir='ltr'><strong>et</strong></span> <span class='ocrx_word' id='word_1_92' title='bbox 480 2537 600 2601; x_wconf 74' lang='lat' dir='ltr'><strong>domim</strong></span> <span class='ocrx_word' id='word_1_93' title='bbox 613 2536 646 2600; x_wconf 78' lang='lat' dir='ltr'><strong>S.</strong></span> <span class='ocrx_word' id='word_1_94' title='bbox 661 2501 869 2619; x_wconf 72' lang='lat' dir='ltr'><strong>quuiensi</strong></span> <span class='ocrx_word' id='word_1_95' title='bbox 879 2538 941 2601; x_wconf 81' lang='lat' dir='ltr'><strong>Dei</strong></span> <span class='ocrx_word' id='word_1_96' title='bbox 951 2539 1061 2621; x_wconf 69' lang='lat' dir='ltr'><strong>pratia</strong></span> <span class='ocrx_word' id='word_1_97' title='bbox 1070 2540 1220 2623; x_wconf 79' lang='lat' dir='ltr'><strong>episcopo,</strong></span> 
     </span>
     <span class='ocr_line' id='line_1_16' title="bbox 299 2638 1221 2722; baseline 0.003 -19"><span class='ocrx_word' id='word_1_98' title='bbox 299 2638 408 2722; x_wconf 76' lang='lat' dir='ltr'><strong>frater</strong></span> <span class='ocrx_word' id='word_1_99' title='bbox 424 2640 463 2703; x_wconf 85' lang='lat' dir='ltr'><strong>G.</strong></span> <span class='ocrx_word' id='word_1_100' title='bbox 482 2638 661 2704; x_wconf 81' lang='lat' dir='ltr'><strong>Glocestriae</strong></span> <span class='ocrx_word' id='word_1_101' title='bbox 681 2639 783 2703; x_wconf 80' lang='lat' dir='ltr'><strong>dictus</strong></span> <span class='ocrx_word' id='word_1_102' title='bbox 802 2639 907 2719; x_wconf 82' lang='lat' dir='ltr'><strong>abbas,</strong></span> <span class='ocrx_word' id='word_1_103' title='bbox 922 2646 953 2705; x_wconf 77' lang='lat' dir='ltr'><strong>et</strong></span> <span class='ocrx_word' id='word_1_104' title='bbox 972 2642 1221 2706; x_wconf 63' lang='lat' dir='ltr'><strong>scelestissumi</strong></span> 
     </span>
     <span class='ocr_line' id='line_1_17' title="bbox 307 2742 1143 2821; baseline 0.002 -15"><span class='ocrx_word' id='word_1_105' title='bbox 307 2743 398 2806; x_wconf 73' lang='lat' dir='ltr'><strong>Pelii</strong></span> <span class='ocrx_word' id='word_1_106' title='bbox 412 2742 723 2821; x_wconf 59' lang='lat' dir='ltr'><strong>eminentissimis,</strong></span> <span class='ocrx_word' id='word_1_107' title='bbox 738 2742 870 2805; x_wconf 61' lang='lat' dir='ltr'><strong>semem</strong></span> <span class='ocrx_word' id='word_1_108' title='bbox 884 2748 916 2806; x_wconf 83' lang='lat' dir='ltr'><strong>et</strong></span> <span class='ocrx_word' id='word_1_109' title='bbox 929 2742 1143 2808; x_wconf 75' lang='lat' dir='ltr'><strong>obedientium,</strong></span> 
     </span>
    </p>
   </div>
   <div class='ocr_carea' id='block_1_6' title="bbox 262 2891 1220 4323">
    <p class='ocr_par' dir='ltr' id='par_1_6' title="bbox 262 2891 1220 4323">
     <span class='ocr_line' id='line_1_18' title="bbox 308 2891 1220 2976; baseline 0 -17"><span class='ocrx_word' id='word_1_110' title='bbox 308 2892 393 2959; x_wconf 79' lang='lat' dir='ltr'><strong>Qun</strong></span> <span class='ocrx_word' id='word_1_111' title='bbox 416 2892 482 2958; x_wconf 84' lang='lat' dir='ltr'><strong>sint</strong></span> <span class='ocrx_word' id='word_1_112' title='bbox 505 2914 551 2973; x_wconf 83' lang='lat' dir='ltr'><strong>es,</strong></span> <span class='ocrx_word' id='word_1_113' title='bbox 568 2892 708 2973; x_wconf 88' lang='lat' dir='ltr'><strong>domine,</strong></span> <span class='ocrx_word' id='word_1_114' title='bbox 725 2914 797 2976; x_wconf 80' lang='lat' dir='ltr'><strong>qnoe</strong></span> <span class='ocrx_word' id='word_1_115' title='bbox 817 2914 837 2957; x_wconf 85' lang='lat' dir='ltr'><strong>s</strong></span> <span class='ocrx_word' id='word_1_116' title='bbox 854 2892 986 2958; x_wconf 90' lang='lat' dir='ltr'><strong>domino</strong></span> <span class='ocrx_word' id='word_1_117' title='bbox 1000 2891 1165 2958; x_wconf 89' lang='lat' dir='ltr'><strong>Willelmo</strong></span> <span class='ocrx_word' id='word_1_118' title='bbox 1180 2894 1220 2959; x_wconf 87' lang='lat' dir='ltr'><strong>de</strong></span> 
     </span>
     <span class='ocr_line' id='line_1_19' title="bbox 267 2996 1220 3082; baseline 0.003 -23"><span class='ocrx_word' id='word_1_119' title='bbox 267 2996 470 3082; x_wconf 82' lang='lat' dir='ltr'><strong>Bellousmpo</strong></span> <span class='ocrx_word' id='word_1_120' title='bbox 492 2996 618 3063; x_wconf 82' lang='lat' dir='ltr'><strong>tamdiu</strong></span> <span class='ocrx_word' id='word_1_121' title='bbox 641 2996 865 3077; x_wconf 78' lang='lat' dir='ltr'><strong>sustinuimus,</strong></span> <span class='ocrx_word' id='word_1_122' title='bbox 880 2996 1018 3061; x_wconf 79' lang='lat' dir='ltr'><strong>fratrum</strong></span> <span class='ocrx_word' id='word_1_123' title='bbox 1035 3003 1220 3062; x_wconf 81' lang='lat' dir='ltr'><strong>nostrorum</strong></span> 
     </span>
     <span class='ocr_line' id='line_1_20' title="bbox 266 3098 1220 3186; baseline 0.003 -22"><span class='ocrx_word' id='word_1_124' title='bbox 266 3098 368 3165; x_wconf 75' lang='lat' dir='ltr'><strong>relatu</strong></span> <span class='ocrx_word' id='word_1_125' title='bbox 386 3100 514 3184; x_wconf 75' lang='lat' dir='ltr'><strong>plenius</strong></span> <span class='ocrx_word' id='word_1_126' title='bbox 534 3100 733 3184; x_wconf 60' lang='lat' dir='ltr'><strong>ugnosoetis.=</strong></span> <span class='ocrx_word' id='word_1_127' title='bbox 768 3100 858 3165; x_wconf 82' lang='lat' dir='ltr'><strong>Num</strong></span> <span class='ocrx_word' id='word_1_128' title='bbox 878 3108 918 3165; x_wconf 90' lang='lat' dir='ltr'><strong>ut</strong></span> <span class='ocrx_word' id='word_1_129' title='bbox 939 3100 1127 3165; x_wconf 77' lang='lat' dir='ltr'><strong>omittemus</strong></span> <span class='ocrx_word' id='word_1_130' title='bbox 1148 3122 1220 3186; x_wconf 81' lang='lat' dir='ltr'><strong>quoe</strong></span> 
     </span>
     <span class='ocr_line' id='line_1_21' title="bbox 266 3203 1220 3289; baseline 0 -18"><span class='ocrx_word' id='word_1_131' title='bbox 266 3213 351 3271; x_wconf 82' lang='lat' dir='ltr'><strong>retro</strong></span> <span class='ocrx_word' id='word_1_132' title='bbox 364 3214 451 3284; x_wconf 88' lang='lat' dir='ltr'><strong>sunt,</strong></span> <span class='ocrx_word' id='word_1_133' title='bbox 466 3227 534 3272; x_wconf 89' lang='lat' dir='ltr'><strong>uon</strong></span> <span class='ocrx_word' id='word_1_134' title='bbox 548 3206 605 3271; x_wconf 89' lang='lat' dir='ltr'><strong>diu</strong></span> <span class='ocrx_word' id='word_1_135' title='bbox 617 3203 703 3289; x_wconf 87' lang='lat' dir='ltr'><strong>quod</strong></span> <span class='ocrx_word' id='word_1_136' title='bbox 717 3211 783 3269; x_wconf 78' lang='lat' dir='ltr'><strong>tres</strong></span> <span class='ocrx_word' id='word_1_137' title='bbox 798 3210 833 3269; x_wconf 88' lang='lat' dir='ltr'><strong>et</strong></span> <span class='ocrx_word' id='word_1_138' title='bbox 847 3204 1063 3287; x_wconf 76' lang='lat' dir='ltr'><strong>qusdsuginte</strong></span> <span class='ocrx_word' id='word_1_139' title='bbox 1076 3225 1220 3271; x_wconf 77' lang='lat' dir='ltr'><strong>summas</strong></span> 
     </span>
     <span class='ocr_line' id='line_1_22' title="bbox 264 3307 1219 3393; baseline 0.003 -18"><span class='ocrx_word' id='word_1_140' title='bbox 264 3309 346 3375; x_wconf 80' lang='lat' dir='ltr'><strong>bens</strong></span> <span class='ocrx_word' id='word_1_141' title='bbox 364 3308 495 3393; x_wconf 81' lang='lat' dir='ltr'><strong>purgati</strong></span> <span class='ocrx_word' id='word_1_142' title='bbox 513 3307 622 3387; x_wconf 79' lang='lat' dir='ltr'><strong>tritici,</strong></span> <span class='ocrx_word' id='word_1_143' title='bbox 639 3328 710 3391; x_wconf 72' lang='lat' dir='ltr'><strong>qus</strong></span> <span class='ocrx_word' id='word_1_144' title='bbox 725 3308 767 3373; x_wconf 80' lang='lat' dir='ltr'><strong>sd</strong></span> <span class='ocrx_word' id='word_1_145' title='bbox 781 3328 860 3373; x_wconf 87' lang='lat' dir='ltr'><strong>usus</strong></span> <span class='ocrx_word' id='word_1_146' title='bbox 877 3308 1014 3375; x_wconf 74' lang='lat' dir='ltr'><strong>fratrum</strong></span> <span class='ocrx_word' id='word_1_147' title='bbox 1032 3315 1219 3378; x_wconf 78' lang='lat' dir='ltr'><strong>nostrorum</strong></span> 
     </span>
     <span class='ocr_line' id='line_1_23' title="bbox 266 3410 1218 3496; baseline 0.001 -18"><span class='ocrx_word' id='word_1_148' title='bbox 266 3412 502 3490; x_wconf 78' lang='lat' dir='ltr'><strong>deferebsntsn,</strong></span> <span class='ocrx_word' id='word_1_149' title='bbox 516 3432 574 3496; x_wconf 88' lang='lat' dir='ltr'><strong>per</strong></span> <span class='ocrx_word' id='word_1_150' title='bbox 597 3432 674 3476; x_wconf 88' lang='lat' dir='ltr'><strong>eum</strong></span> <span class='ocrx_word' id='word_1_151' title='bbox 693 3410 860 3477; x_wconf 79' lang='lat' dir='ltr'><strong>amisimus</strong></span> <span class='ocrx_word' id='word_1_152' title='bbox 878 3417 912 3476; x_wconf 90' lang='lat' dir='ltr'><strong>et</strong></span> <span class='ocrx_word' id='word_1_153' title='bbox 931 3410 1107 3477; x_wconf 75' lang='lat' dir='ltr'><strong>earundem</strong></span> <span class='ocrx_word' id='word_1_154' title='bbox 1126 3432 1218 3479; x_wconf 82' lang='lat' dir='ltr'><strong>recu·</strong></span> 
     </span>
     <span class='ocr_line' id='line_1_24' title="bbox 263 3513 1219 3599; baseline 0 -18"><span class='ocrx_word' id='word_1_155' title='bbox 263 3514 460 3599; x_wconf 74' lang='lat' dir='ltr'><strong>perationem</strong></span> <span class='ocrx_word' id='word_1_156' title='bbox 485 3534 588 3599; x_wconf 87' lang='lat' dir='ltr'><strong>usque</strong></span> <span class='ocrx_word' id='word_1_157' title='bbox 614 3513 721 3579; x_wconf 79' lang='lat' dir='ltr'><strong>adhue</strong></span> <span class='ocrx_word' id='word_1_158' title='bbox 749 3532 805 3597; x_wconf 88' lang='lat' dir='ltr'><strong>spe</strong></span> <span class='ocrx_word' id='word_1_159' title='bbox 830 3513 995 3597; x_wconf 74' lang='lat' dir='ltr'><strong>promises</strong></span> <span class='ocrx_word' id='word_1_160' title='bbox 1019 3514 1116 3598; x_wconf 80' lang='lat' dir='ltr'><strong>pseis,</strong></span> <span class='ocrx_word' id='word_1_161' title='bbox 1143 3514 1219 3581; x_wconf 83' lang='lat' dir='ltr'><strong>dolo</strong></span> 
     </span>
     <span class='ocr_line' id='line_1_25' title="bbox 264 3616 1216 3702; baseline 0 -19"><span class='ocrx_word' id='word_1_162' title='bbox 264 3618 348 3701; x_wconf 70' lang='lat' dir='ltr'><strong>eapti</strong></span> <span class='ocrx_word' id='word_1_163' title='bbox 364 3617 558 3683; x_wconf 76' lang='lat' dir='ltr'><strong>disuslimus.</strong></span> <span class='ocrx_word' id='word_1_164' title='bbox 588 3616 731 3701; x_wconf 82' lang='lat' dir='ltr'><strong>Singulis</strong></span> <span class='ocrx_word' id='word_1_165' title='bbox 745 3622 903 3701; x_wconf 68' lang='lat' dir='ltr'><strong>presteras</strong></span> <span class='ocrx_word' id='word_1_166' title='bbox 914 3616 1080 3682; x_wconf 87' lang='lat' dir='ltr'><strong>mensibus</strong></span> <span class='ocrx_word' id='word_1_167' title='bbox 1093 3617 1130 3681; x_wconf 92' lang='lat' dir='ltr'><strong>in</strong></span> <span class='ocrx_word' id='word_1_168' title='bbox 1143 3638 1216 3702; x_wconf 76' lang='lat' dir='ltr'><strong>pro·</strong></span> 
     </span>
     <span class='ocr_line' id='line_1_26' title="bbox 263 3719 1216 3804; baseline -0.003 -17"><span class='ocrx_word' id='word_1_169' title='bbox 263 3722 429 3789; x_wconf 77' lang='lat' dir='ltr'><strong>nuatione</strong></span> <span class='ocrx_word' id='word_1_170' title='bbox 444 3722 652 3788; x_wconf 75' lang='lat' dir='ltr'><strong>servientium</strong></span> <span class='ocrx_word' id='word_1_171' title='bbox 667 3740 811 3799; x_wconf 81' lang='lat' dir='ltr'><strong>suornm,</strong></span> <span class='ocrx_word' id='word_1_172' title='bbox 825 3728 892 3785; x_wconf 87' lang='lat' dir='ltr'><strong>tres</strong></span> <span class='ocrx_word' id='word_1_173' title='bbox 907 3719 1025 3787; x_wconf 80' lang='lat' dir='ltr'><strong>solidos</strong></span> <span class='ocrx_word' id='word_1_174' title='bbox 1039 3720 1117 3784; x_wconf 82' lang='lat' dir='ltr'><strong>dure</strong></span> <span class='ocrx_word' id='word_1_175' title='bbox 1131 3720 1216 3804; x_wconf 82' lang='lat' dir='ltr'><strong>jum·</strong></span> 
     </span>
     <span class='ocr_line' id='line_1_27' title="bbox 263 3822 1217 3911; baseline -0.002 -22"><span class='ocrx_word' id='word_1_176' title='bbox 263 3825 319 3893; x_wconf 80' lang='lat' dir='ltr'><strong>(liu</strong></span> <span class='ocrx_word' id='word_1_177' title='bbox 329 3826 485 3909; x_wconf 79' lang='lat' dir='ltr'><strong>cogimur,</strong></span> <span class='ocrx_word' id='word_1_178' title='bbox 499 3832 531 3893; x_wconf 84' lang='lat' dir='ltr'><strong>et</strong></span> <span class='ocrx_word' id='word_1_179' title='bbox 544 3845 740 3911; x_wconf 88' lang='lat' dir='ltr'><strong>unoquoque</strong></span> <span class='ocrx_word' id='word_1_180' title='bbox 755 3844 843 3889; x_wconf 85' lang='lat' dir='ltr'><strong>suno</strong></span> <span class='ocrx_word' id='word_1_181' title='bbox 853 3822 895 3890; x_wconf 79' lang='lat' dir='ltr'><strong>sd</strong></span> <span class='ocrx_word' id='word_1_182' title='bbox 904 3829 1077 3910; x_wconf 82' lang='lat' dir='ltr'><strong>utrumque</strong></span> <span class='ocrx_word' id='word_1_183' title='bbox 1090 3844 1217 3889; x_wconf 88' lang='lat' dir='ltr'><strong>semen·</strong></span> 
     </span>
     <span class='ocr_line' id='line_1_28' title="bbox 262 3927 1216 4014; baseline 0.002 -21"><span class='ocrx_word' id='word_1_184' title='bbox 262 3937 337 4008; x_wconf 87' lang='lat' dir='ltr'><strong>tem,</strong></span> <span class='ocrx_word' id='word_1_185' title='bbox 354 3929 522 4012; x_wconf 73' lang='lat' dir='ltr'><strong>sexaginta</strong></span> <span class='ocrx_word' id='word_1_186' title='bbox 539 3930 656 4014; x_wconf 75' lang='lat' dir='ltr'><strong>jugeru</strong></span> <span class='ocrx_word' id='word_1_187' title='bbox 672 3936 767 3993; x_wconf 80' lang='lat' dir='ltr'><strong>terrae</strong></span> <span class='ocrx_word' id='word_1_188' title='bbox 784 3948 854 3991; x_wconf 81' lang='lat' dir='ltr'><strong>suae</strong></span> <span class='ocrx_word' id='word_1_189' title='bbox 867 3948 969 4007; x_wconf 83' lang='lat' dir='ltr'><strong>srurs,</strong></span> <span class='ocrx_word' id='word_1_190' title='bbox 983 3948 1098 4007; x_wconf 87' lang='lat' dir='ltr'><strong>serere,</strong></span> <span class='ocrx_word' id='word_1_191' title='bbox 1113 3934 1148 3993; x_wconf 84' lang='lat' dir='ltr'><strong>et</strong></span> <span class='ocrx_word' id='word_1_192' title='bbox 1168 3927 1216 3995; x_wconf 89' lang='lat' dir='ltr'><strong>illi</strong></span> 
     </span>
     <span class='ocr_line' id='line_1_29' title="bbox 263 4030 1217 4117; baseline 0.003 -21"><span class='ocrx_word' id='word_1_193' title='bbox 263 4040 384 4097; x_wconf 85' lang='lat' dir='ltr'><strong>metere</strong></span> <span class='ocrx_word' id='word_1_194' title='bbox 407 4033 640 4117; x_wconf 85' lang='lat' dir='ltr'><strong>compellimur.</strong></span> <span class='ocrx_word' id='word_1_195' title='bbox 687 4032 772 4096; x_wconf 89' lang='lat' dir='ltr'><strong>Sunt</strong></span> <span class='ocrx_word' id='word_1_196' title='bbox 795 4038 913 4115; x_wconf 79' lang='lat' dir='ltr'><strong>praeter</strong></span> <span class='ocrx_word' id='word_1_197' title='bbox 934 4031 997 4095; x_wconf 86' lang='lat' dir='ltr'><strong>ists</strong></span> <span class='ocrx_word' id='word_1_198' title='bbox 1021 4030 1217 4115; x_wconf 70' lang='lat' dir='ltr'><strong>quotidianas</strong></span> 
     </span>
     <span class='ocr_line' id='line_1_30' title="bbox 263 4132 1217 4221; baseline -0.003 -21"><span class='ocrx_word' id='word_1_199' title='bbox 263 4136 429 4201; x_wconf 71' lang='lat' dir='ltr'><strong>servitutes</strong></span> <span class='ocrx_word' id='word_1_200' title='bbox 444 4158 578 4221; x_wconf 87' lang='lat' dir='ltr'><strong>operum</strong></span> <span class='ocrx_word' id='word_1_201' title='bbox 592 4136 779 4213; x_wconf 77' lang='lat' dir='ltr'><strong>innumerus,</strong></span> <span class='ocrx_word' id='word_1_202' title='bbox 796 4133 913 4218; x_wconf 88' lang='lat' dir='ltr'><strong>quibus</strong></span> <span class='ocrx_word' id='word_1_203' title='bbox 927 4132 1075 4199; x_wconf 84' lang='lat' dir='ltr'><strong>homines</strong></span> <span class='ocrx_word' id='word_1_204' title='bbox 1088 4139 1217 4197; x_wconf 85' lang='lat' dir='ltr'><strong>nostros</strong></span> 
     </span>
     <span class='ocr_line' id='line_1_31' title="bbox 262 4235 1216 4323; baseline -0.002 -20"><span class='ocrx_word' id='word_1_205' title='bbox 262 4240 438 4323; x_wconf 74' lang='lat' dir='ltr'><strong>angariare,</strong></span> <span class='ocrx_word' id='word_1_206' title='bbox 453 4248 487 4304; x_wconf 88' lang='lat' dir='ltr'><strong>et</strong></span> <span class='ocrx_word' id='word_1_207' title='bbox 506 4260 609 4323; x_wconf 89' lang='lat' dir='ltr'><strong>usque</strong></span> <span class='ocrx_word' id='word_1_208' title='bbox 629 4237 670 4305; x_wconf 87' lang='lat' dir='ltr'><strong>sd</strong></span> <span class='ocrx_word' id='word_1_209' title='bbox 690 4244 867 4302; x_wconf 81' lang='lat' dir='ltr'><strong>extremum</strong></span> <span class='ocrx_word' id='word_1_210' title='bbox 886 4236 1048 4301; x_wconf 80' lang='lat' dir='ltr'><strong>miserium</strong></span> <span class='ocrx_word' id='word_1_211' title='bbox 1068 4235 1216 4320; x_wconf 81' lang='lat' dir='ltr'><strong>persequi</strong></span> 
     </span>
    </p>
   </div>
   <div class='ocr_carea' id='block_1_7' title="bbox 263 4336 1215 4510">
    <p class='ocr_par' dir='ltr' id='par_1_7' title="bbox 263 4336 1215 4510">
     <span class='ocr_line' id='line_1_32' title="bbox 263 4336 1215 4426; baseline -0.004 -19"><span class='ocrx_word' id='word_1_212' title='bbox 263 4349 295 4407; x_wconf 92' lang='lat' dir='ltr'><strong>et</strong></span> <span class='ocrx_word' id='word_1_213' title='bbox 315 4342 456 4426; x_wconf 79' lang='lat' dir='ltr'><strong>affligere</strong></span> <span class='ocrx_word' id='word_1_214' title='bbox 476 4364 543 4408; x_wconf 92' lang='lat' dir='ltr'><strong>non</strong></span> <span class='ocrx_word' id='word_1_215' title='bbox 563 4348 676 4420; x_wconf 79' lang='lat' dir='ltr'><strong>cesset,</strong></span> <span class='ocrx_word' id='word_1_216' title='bbox 691 4348 725 4405; x_wconf 87' lang='lat' dir='ltr'><strong>et</strong></span> <span class='ocrx_word' id='word_1_217' title='bbox 745 4362 809 4424; x_wconf 90' lang='lat' dir='ltr'><strong>quo</strong></span> <span class='ocrx_word' id='word_1_218' title='bbox 823 4339 938 4425; x_wconf 85' lang='lat' dir='ltr'><strong>majori</strong></span> <span class='ocrx_word' id='word_1_219' title='bbox 952 4360 1029 4421; x_wconf 76' lang='lat' dir='ltr'><strong>erga</strong></span> <span class='ocrx_word' id='word_1_220' title='bbox 1043 4358 1118 4403; x_wconf 85' lang='lat' dir='ltr'><strong>eum</strong></span> <span class='ocrx_word' id='word_1_221' title='bbox 1132 4336 1215 4424; x_wconf 84' lang='lat' dir='ltr'><strong>psti-</strong></span> 
     </span>
     <span class='ocr_line' id='line_1_33' title="bbox 708 4446 765 4510; baseline 0.07 -4"><span class='ocrx_word' id='word_1_222' title='bbox 708 4446 765 4510; x_wconf 74' lang='lat'><strong>02</strong></span> 
     </span>
    </p>
   </div>
   <div class='ocr_carea' id='block_1_8' title="bbox 0 0 1618 5192">
    <p class='ocr_par' dir='ltr' id='par_1_8' title="bbox 0 0 1618 5192">
     <span class='ocr_line' id='line_1_34' title="bbox 0 0 1618 5192; baseline 0 2"><span class='ocrx_word' id='word_1_223' title='bbox 0 0 1618 5192; x_wconf 95' lang='lat' dir='ltr'><strong> </strong></span> 
     </span>
    </p>
   </div>
  </div>
 </body>
</html>
