<?xml version="1.0" encoding="UTF-8"?>
<!DOCTYPE html PUBLIC "-//W3C//DTD XHTML 1.0 Transitional//EN"
    "http://www.w3.org/TR/xhtml1/DTD/xhtml1-transitional.dtd">
<html xmlns="http://www.w3.org/1999/xhtml" xml:lang="en" lang="en">
 <head>
  <title>
</title>
<meta http-equiv="Content-Type" content="text/html;charset=utf-8" />
  <meta name='ocr-system' content='tesseract 3.04.00' />
  <meta name='ocr-capabilities' content='ocr_page ocr_carea ocr_par ocr_line ocrx_word'/>
</head>
<body>
  <div class='ocr_page' id='page_1' title='image "./gilbertiexabbat00gilegoog_0265.png"; bbox 0 0 3225 5192; ppageno 0'>
   <div class='ocr_carea' id='block_1_1' title="bbox 400 682 1041 744">
    <p class='ocr_par' dir='ltr' id='par_1_1' title="bbox 400 682 1041 744">
     <span class='ocr_line' id='line_1_1' title="bbox 400 682 1041 744; baseline -0.002 -3"><span class='ocrx_word' id='word_1_1' title='bbox 400 682 465 744; x_wconf 68' lang='lat'>224</span> <span class='ocrx_word' id='word_1_2' title='bbox 712 698 874 741; x_wconf 81' lang='lat' dir='ltr'>orunnnrr</span> <span class='ocrx_word' id='word_1_3' title='bbox 892 698 1041 742; x_wconf 78' lang='lat' dir='ltr'>eriscom</span> 
     </span>
    </p>
   </div>
   <div class='ocr_carea' id='block_1_2' title="bbox 393 812 1353 3058">
    <p class='ocr_par' dir='ltr' id='par_1_2' title="bbox 393 812 1353 3058">
     <span class='ocr_line' id='line_1_2' title="bbox 398 812 1352 897; baseline -0.004 -17"><span class='ocrx_word' id='word_1_4' title='bbox 398 816 528 896; x_wconf 84' lang='lat' dir='ltr'>traditu,</span> <span class='ocrx_word' id='word_1_5' title='bbox 544 817 584 880; x_wconf 88' lang='lat' dir='ltr'>de</span> <span class='ocrx_word' id='word_1_6' title='bbox 599 836 699 879; x_wconf 88' lang='lat' dir='ltr'>manu</span> <span class='ocrx_word' id='word_1_7' title='bbox 714 812 863 877; x_wconf 77' lang='lat' dir='ltr'>Gauffidi</span> <span class='ocrx_word' id='word_1_8' title='bbox 878 813 1030 878; x_wconf 85' lang='lat' dir='ltr'>aeomite</span> <span class='ocrx_word' id='word_1_9' title='bbox 1050 822 1208 897; x_wconf 84' lang='lat' dir='ltr'>suscepte,</span> <span class='ocrx_word' id='word_1_10' title='bbox 1225 814 1252 876; x_wconf 88' lang='lat' dir='ltr'>si</span> <span class='ocrx_word' id='word_1_11' title='bbox 1267 824 1352 897; x_wconf 72' lang='lat' dir='ltr'>post</span> 
     </span>
     <span class='ocr_line' id='line_1_3' title="bbox 400 913 1351 999; baseline -0.006 -16"><span class='ocrx_word' id='word_1_12' title='bbox 400 919 532 983; x_wconf 91' lang='lat' dir='ltr'>modum</span> <span class='ocrx_word' id='word_1_13' title='bbox 562 939 581 981; x_wconf 83' lang='lat' dir='ltr'>e</span> <span class='ocrx_word' id='word_1_14' title='bbox 610 917 727 981; x_wconf 85' lang='lat' dir='ltr'>comite</span> <span class='ocrx_word' id='word_1_15' title='bbox 754 913 912 979; x_wconf 81' lang='lat' dir='ltr'>Guuffido</span> <span class='ocrx_word' id='word_1_16' title='bbox 940 914 1069 979; x_wconf 82' lang='lat' dir='ltr'>reddite</span> <span class='ocrx_word' id='word_1_17' title='bbox 1096 925 1130 979; x_wconf 88' lang='lat' dir='ltr'>et</span> <span class='ocrx_word' id='word_1_18' title='bbox 1154 915 1289 999; x_wconf 85' lang='lat' dir='ltr'>abipso</span> <span class='ocrx_word' id='word_1_19' title='bbox 1317 915 1351 977; x_wconf 92' lang='lat' dir='ltr'>in</span> 
     </span>
     <span class='ocr_line' id='line_1_4' title="bbox 399 1017 1352 1105; baseline -0.004 -20"><span class='ocrx_word' id='word_1_20' title='bbox 399 1023 531 1085; x_wconf 89' lang='lat' dir='ltr'>domum</span> <span class='ocrx_word' id='word_1_21' title='bbox 550 1020 711 1105; x_wconf 88' lang='lat' dir='ltr'>propriam</span> <span class='ocrx_word' id='word_1_22' title='bbox 731 1018 832 1083; x_wconf 89' lang='lat' dir='ltr'>ducta</span> <span class='ocrx_word' id='word_1_23' title='bbox 851 1026 910 1096; x_wconf 89' lang='lat' dir='ltr'>est,</span> <span class='ocrx_word' id='word_1_24' title='bbox 926 1025 960 1081; x_wconf 92' lang='lat' dir='ltr'>et</span> <span class='ocrx_word' id='word_1_25' title='bbox 979 1017 1101 1081; x_wconf 87' lang='lat' dir='ltr'><strong>ibidem</strong></span> <span class='ocrx_word' id='word_1_26' title='bbox 1121 1018 1216 1081; x_wconf 90' lang='lat' dir='ltr'>annis</span> <span class='ocrx_word' id='word_1_27' title='bbox 1231 1019 1352 1101; x_wconf 75' lang='lat' dir='ltr'><strong>aliquot</strong></span> 
     </span>
     <span class='ocr_line' id='line_1_5' title="bbox 399 1119 1353 1203; baseline -0.005 -15"><span class='ocrx_word' id='word_1_28' title='bbox 399 1130 594 1201; x_wconf 85' lang='lat' dir='ltr'>conversata,</span> <span class='ocrx_word' id='word_1_29' title='bbox 618 1122 653 1185; x_wconf 94' lang='lat' dir='ltr'>in</span> <span class='ocrx_word' id='word_1_30' title='bbox 679 1120 730 1184; x_wconf 90' lang='lat' dir='ltr'>his</span> <span class='ocrx_word' id='word_1_31' title='bbox 754 1119 905 1185; x_wconf 87' lang='lat' dir='ltr'>omnibus</span> <span class='ocrx_word' id='word_1_32' title='bbox 925 1120 1110 1184; x_wconf 80' lang='lat' dir='ltr'>necessitati</span> <span class='ocrx_word' id='word_1_33' title='bbox 1135 1120 1253 1203; x_wconf 86' lang='lat' dir='ltr'>paruit,</span> <span class='ocrx_word' id='word_1_34' title='bbox 1279 1141 1353 1184; x_wconf 83' lang='lat' dir='ltr'>curn</span> 
     </span>
     <span class='ocr_line' id='line_1_6' title="bbox 400 1222 1351 1308; baseline -0.003 -19"><span class='ocrx_word' id='word_1_35' title='bbox 400 1225 556 1289; x_wconf 85' lang='lat' dir='ltr'>Gaufrido</span> <span class='ocrx_word' id='word_1_36' title='bbox 571 1246 738 1308; x_wconf 88' lang='lat' dir='ltr'>nunquam</span> <span class='ocrx_word' id='word_1_37' title='bbox 753 1222 788 1287; x_wconf 92' lang='lat' dir='ltr'>in</span> <span class='ocrx_word' id='word_1_38' title='bbox 803 1222 973 1306; x_wconf 89' lang='lat' dir='ltr'>conjugale</span> <span class='ocrx_word' id='word_1_39' title='bbox 988 1222 1163 1301; x_wconf 88' lang='lat' dir='ltr'>vinculum,</span> <span class='ocrx_word' id='word_1_40' title='bbox 1182 1232 1240 1287; x_wconf 88' lang='lat' dir='ltr'>aut</span> <span class='ocrx_word' id='word_1_41' title='bbox 1258 1244 1351 1306; x_wconf 88' lang='lat' dir='ltr'>opere</span> 
     </span>
     <span class='ocr_line' id='line_1_7' title="bbox 398 1324 1349 1393; baseline -0.004 0"><span class='ocrx_word' id='word_1_42' title='bbox 398 1336 455 1393; x_wconf 90' lang='lat' dir='ltr'>aut</span> <span class='ocrx_word' id='word_1_43' title='bbox 480 1328 646 1393; x_wconf 83' lang='lat' dir='ltr'>voluntate</span> <span class='ocrx_word' id='word_1_44' title='bbox 671 1325 844 1391; x_wconf 89' lang='lat' dir='ltr'>consensit.</span> <span class='ocrx_word' id='word_1_45' title='bbox 902 1324 999 1389; x_wconf 78' lang='lat' dir='ltr'>Quod</span> <span class='ocrx_word' id='word_1_46' title='bbox 1027 1333 1064 1388; x_wconf 91' lang='lat' dir='ltr'>nt</span> <span class='ocrx_word' id='word_1_47' title='bbox 1093 1325 1272 1389; x_wconf 76' lang='lat' dir='ltr'>manifestis</span> <span class='ocrx_word' id='word_1_48' title='bbox 1298 1324 1349 1389; x_wconf 90' lang='lat' dir='ltr'>de·</span> 
     </span>
     <span class='ocr_line' id='line_1_8' title="bbox 397 1429 1350 1513; baseline -0.006 -16"><span class='ocrx_word' id='word_1_49' title='bbox 397 1430 532 1497; x_wconf 84' lang='lat' dir='ltr'>cluraret</span> <span class='ocrx_word' id='word_1_50' title='bbox 555 1429 690 1508; x_wconf 90' lang='lat' dir='ltr'>iudiciis,</span> <span class='ocrx_word' id='word_1_51' title='bbox 715 1429 832 1513; x_wconf 88' lang='lat' dir='ltr'>adjecit</span> <span class='ocrx_word' id='word_1_52' title='bbox 861 1449 896 1491; x_wconf 90' lang='lat' dir='ltr'>se</span> <span class='ocrx_word' id='word_1_53' title='bbox 921 1450 996 1492; x_wconf 89' lang='lat' dir='ltr'>cum</span> <span class='ocrx_word' id='word_1_54' title='bbox 1019 1429 1088 1513; x_wconf 82' lang='lat' dir='ltr'>jam</span> <span class='ocrx_word' id='word_1_55' title='bbox 1113 1429 1350 1511; x_wconf 86' lang='lat' dir='ltr'>aliquantulum</span> 
     </span>
     <span class='ocr_line' id='line_1_9' title="bbox 399 1530 1351 1616; baseline -0.003 -18"><span class='ocrx_word' id='word_1_56' title='bbox 399 1533 598 1613; x_wconf 83' lang='lat' dir='ltr'>excrevisset,</span> <span class='ocrx_word' id='word_1_57' title='bbox 628 1532 712 1616; x_wconf 90' lang='lat' dir='ltr'>patri</span> <span class='ocrx_word' id='word_1_58' title='bbox 742 1553 800 1595; x_wconf 92' lang='lat' dir='ltr'>sno</span> <span class='ocrx_word' id='word_1_59' title='bbox 830 1531 938 1595; x_wconf 78' lang='lat' dir='ltr'><strong>literas</strong></span> <span class='ocrx_word' id='word_1_60' title='bbox 969 1530 1130 1609; x_wconf 79' lang='lat' dir='ltr'>direxisse,</span> <span class='ocrx_word' id='word_1_61' title='bbox 1157 1540 1191 1596; x_wconf 87' lang='lat' dir='ltr'>et</span> <span class='ocrx_word' id='word_1_62' title='bbox 1220 1553 1255 1595; x_wconf 87' lang='lat' dir='ltr'>se</span> <span class='ocrx_word' id='word_1_63' title='bbox 1280 1553 1351 1596; x_wconf 93' lang='lat' dir='ltr'>con-</span> 
     </span>
     <span class='ocr_line' id='line_1_10' title="bbox 398 1635 1349 1719; baseline -0.004 -17"><span class='ocrx_word' id='word_1_64' title='bbox 398 1639 499 1703; x_wconf 90' lang='lat' dir='ltr'>nubio</span> <span class='ocrx_word' id='word_1_65' title='bbox 514 1638 662 1702; x_wconf 79' lang='lat' dir='ltr'>(leufridi</span> <span class='ocrx_word' id='word_1_66' title='bbox 679 1658 849 1719; x_wconf 79' lang='lat' dir='ltr'>nunquam</span> <span class='ocrx_word' id='word_1_67' title='bbox 868 1635 1076 1719; x_wconf 74' lang='lat' dir='ltr'>prmbituram</span> <span class='ocrx_word' id='word_1_68' title='bbox 1099 1656 1266 1699; x_wconf 77' lang='lat' dir='ltr'>assensum</span> <span class='ocrx_word' id='word_1_69' title='bbox 1288 1635 1349 1699; x_wconf 82' lang='lat' dir='ltr'>evi-</span> 
     </span>
     <span class='ocr_line' id='line_1_11' title="bbox 398 1738 1350 1821; baseline -0.003 -16"><span class='ocrx_word' id='word_1_70' title='bbox 398 1741 511 1805; x_wconf 85' lang='lat' dir='ltr'>denter</span> <span class='ocrx_word' id='word_1_71' title='bbox 534 1740 721 1805; x_wconf 85' lang='lat' dir='ltr'>ostendisse.</span> <span class='ocrx_word' id='word_1_72' title='bbox 777 1740 931 1803; x_wconf 86' lang='lat' dir='ltr'>Parentes</span> <span class='ocrx_word' id='word_1_73' title='bbox 957 1761 1032 1802; x_wconf 87' lang='lat' dir='ltr'>vero</span> <span class='ocrx_word' id='word_1_74' title='bbox 1057 1739 1185 1803; x_wconf 85' lang='lat' dir='ltr'>comitis</span> <span class='ocrx_word' id='word_1_75' title='bbox 1214 1738 1350 1821; x_wconf 85' lang='lat' dir='ltr'>patriam</span> 
     </span>
     <span class='ocr_line' id='line_1_12' title="bbox 396 1841 1348 1927; baseline -0.006 -18"><span class='ocrx_word' id='word_1_76' title='bbox 396 1852 588 1927; x_wconf 89' lang='lat' dir='ltr'>potestatem</span> <span class='ocrx_word' id='word_1_77' title='bbox 615 1842 822 1907; x_wconf 80' lang='lat' dir='ltr'>ostendentes</span> <span class='ocrx_word' id='word_1_78' title='bbox 845 1842 880 1906; x_wconf 91' lang='lat' dir='ltr'>in</span> <span class='ocrx_word' id='word_1_79' title='bbox 904 1841 1056 1921; x_wconf 87' lang='lat' dir='ltr'>sobolem,</span> <span class='ocrx_word' id='word_1_80' title='bbox 1078 1842 1278 1925; x_wconf 89' lang='lat' dir='ltr'>objecerunt,</span> <span class='ocrx_word' id='word_1_81' title='bbox 1296 1862 1348 1925; x_wconf 83' lang='lat' dir='ltr'>ps·</span> 
     </span>
     <span class='ocr_line' id='line_1_13' title="bbox 397 1943 1348 2031; baseline -0.005 -20"><span class='ocrx_word' id='word_1_82' title='bbox 397 1954 480 2011; x_wconf 89' lang='lat' dir='ltr'>trem</span> <span class='ocrx_word' id='word_1_83' title='bbox 506 1968 597 2031; x_wconf 87' lang='lat' dir='ltr'>posse</span> <span class='ocrx_word' id='word_1_84' title='bbox 626 1946 700 2010; x_wconf 87' lang='lat' dir='ltr'>liliae</span> <span class='ocrx_word' id='word_1_85' title='bbox 730 1944 883 2010; x_wconf 86' lang='lat' dir='ltr'>meritum</span> <span class='ocrx_word' id='word_1_86' title='bbox 914 1945 1041 2028; x_wconf 84' lang='lat' dir='ltr'>eligere,</span> <span class='ocrx_word' id='word_1_87' title='bbox 1072 1966 1168 2029; x_wconf 85' lang='lat' dir='ltr'>quem</span> <span class='ocrx_word' id='word_1_88' title='bbox 1204 1945 1266 2007; x_wconf 86' lang='lat' dir='ltr'>nisi</span> <span class='ocrx_word' id='word_1_89' title='bbox 1302 1943 1348 2007; x_wconf 86' lang='lat' dir='ltr'>vel</span> 
     </span>
     <span class='ocr_line' id='line_1_14' title="bbox 397 2047 1348 2132; baseline -0.003 -20"><span class='ocrx_word' id='word_1_90' title='bbox 397 2049 589 2132; x_wconf 84' lang='lat' dir='ltr'>degenerem</span> <span class='ocrx_word' id='word_1_91' title='bbox 603 2050 653 2113; x_wconf 86' lang='lat' dir='ltr'>vel</span> <span class='ocrx_word' id='word_1_92' title='bbox 672 2048 844 2131; x_wconf 88' lang='lat' dir='ltr'>indignum</span> <span class='ocrx_word' id='word_1_93' title='bbox 867 2047 1011 2131; x_wconf 89' lang='lat' dir='ltr'>elegerit,</span> <span class='ocrx_word' id='word_1_94' title='bbox 1025 2048 1127 2132; x_wconf 84' lang='lat' dir='ltr'>ipsum</span> <span class='ocrx_word' id='word_1_95' title='bbox 1148 2049 1219 2131; x_wconf 89' lang='lat' dir='ltr'>ejus</span> <span class='ocrx_word' id='word_1_96' title='bbox 1239 2048 1348 2111; x_wconf 85' lang='lat' dir='ltr'>volun·</span> 
     </span>
     <span class='ocr_line' id='line_1_15' title="bbox 396 2150 1346 2235; baseline -0.003 -19"><span class='ocrx_word' id='word_1_97' title='bbox 396 2152 457 2216; x_wconf 90' lang='lat' dir='ltr'>tati</span> <span class='ocrx_word' id='word_1_98' title='bbox 472 2152 640 2216; x_wconf 85' lang='lat' dir='ltr'>dissentire</span> <span class='ocrx_word' id='word_1_99' title='bbox 657 2174 725 2215; x_wconf 92' lang='lat' dir='ltr'>nou</span> <span class='ocrx_word' id='word_1_100' title='bbox 744 2172 847 2235; x_wconf 86' lang='lat' dir='ltr'>posse.</span> <span class='ocrx_word' id='word_1_101' title='bbox 894 2150 1045 2216; x_wconf 86' lang='lat' dir='ltr'>Partibus</span> <span class='ocrx_word' id='word_1_102' title='bbox 1059 2152 1170 2234; x_wconf 86' lang='lat' dir='ltr'>itaque</span> <span class='ocrx_word' id='word_1_103' title='bbox 1189 2150 1235 2214; x_wconf 93' lang='lat' dir='ltr'>sic</span> <span class='ocrx_word' id='word_1_104' title='bbox 1254 2171 1346 2233; x_wconf 78' lang='lat' dir='ltr'>erpe-</span> 
     </span>
     <span class='ocr_line' id='line_1_16' title="bbox 395 2253 1347 2338; baseline -0.001 -21"><span class='ocrx_word' id='word_1_105' title='bbox 395 2253 553 2318; x_wconf 88' lang='lat' dir='ltr'>rientibus</span> <span class='ocrx_word' id='word_1_106' title='bbox 569 2255 733 2333; x_wconf 90' lang='lat' dir='ltr'>alterutro,</span> <span class='ocrx_word' id='word_1_107' title='bbox 748 2275 823 2317; x_wconf 89' lang='lat' dir='ltr'>cum</span> <span class='ocrx_word' id='word_1_108' title='bbox 837 2256 908 2338; x_wconf 86' lang='lat' dir='ltr'>jam</span> <span class='ocrx_word' id='word_1_109' title='bbox 922 2255 1019 2320; x_wconf 90' lang='lat' dir='ltr'>tertio</span> <span class='ocrx_word' id='word_1_110' title='bbox 1034 2255 1235 2332; x_wconf 84' lang='lat' dir='ltr'>sedissemus,</span> <span class='ocrx_word' id='word_1_111' title='bbox 1251 2253 1347 2317; x_wconf 87' lang='lat' dir='ltr'>comi·</span> 
     </span>
     <span class='ocr_line' id='line_1_17' title="bbox 397 2355 1348 2440; baseline -0.001 -20"><span class='ocrx_word' id='word_1_112' title='bbox 397 2357 475 2421; x_wconf 80' lang='lat' dir='ltr'>tissa</span> <span class='ocrx_word' id='word_1_113' title='bbox 489 2364 664 2440; x_wconf 89' lang='lat' dir='ltr'>conquesta</span> <span class='ocrx_word' id='word_1_114' title='bbox 678 2364 737 2435; x_wconf 90' lang='lat' dir='ltr'>est,</span> <span class='ocrx_word' id='word_1_115' title='bbox 754 2355 923 2422; x_wconf 73' lang='lat' dir='ltr'>advocatos</span> <span class='ocrx_word' id='word_1_116' title='bbox 938 2378 1013 2421; x_wconf 88' lang='lat' dir='ltr'>suos</span> <span class='ocrx_word' id='word_1_117' title='bbox 1028 2356 1069 2421; x_wconf 92' lang='lat' dir='ltr'>ob</span> <span class='ocrx_word' id='word_1_118' title='bbox 1085 2365 1209 2420; x_wconf 90' lang='lat' dir='ltr'>metum</span> <span class='ocrx_word' id='word_1_119' title='bbox 1224 2356 1348 2420; x_wconf 87' lang='lat' dir='ltr'>comitis</span> 
     </span>
     <span class='ocr_line' id='line_1_18' title="bbox 395 2460 1346 2543; baseline -0.001 -20"><span class='ocrx_word' id='word_1_120' title='bbox 395 2468 429 2523; x_wconf 86' lang='lat' dir='ltr'>et</span> <span class='ocrx_word' id='word_1_121' title='bbox 449 2482 591 2539; x_wconf 88' lang='lat' dir='ltr'>suorum,</span> <span class='ocrx_word' id='word_1_122' title='bbox 607 2480 711 2525; x_wconf 86' lang='lat' dir='ltr'>oausae</span> <span class='ocrx_word' id='word_1_123' title='bbox 726 2481 792 2524; x_wconf 86' lang='lat' dir='ltr'>suae</span> <span class='ocrx_word' id='word_1_124' title='bbox 807 2460 1023 2543; x_wconf 89' lang='lat' dir='ltr'>patrocinium</span> <span class='ocrx_word' id='word_1_125' title='bbox 1038 2482 1143 2538; x_wconf 91' lang='lat' dir='ltr'>suum,</span> <span class='ocrx_word' id='word_1_126' title='bbox 1160 2481 1225 2543; x_wconf 91' lang='lat' dir='ltr'>qno</span> <span class='ocrx_word' id='word_1_127' title='bbox 1240 2460 1346 2522; x_wconf 90' lang='lat' dir='ltr'>minus</span> 
     </span>
     <span class='ocr_line' id='line_1_19' title="bbox 394 2562 1345 2646; baseline -0.002 -19"><span class='ocrx_word' id='word_1_128' title='bbox 394 2570 466 2627; x_wconf 90' lang='lat' dir='ltr'>tute</span> <span class='ocrx_word' id='word_1_129' title='bbox 481 2584 519 2627; x_wconf 92' lang='lat' dir='ltr'>eo</span> <span class='ocrx_word' id='word_1_130' title='bbox 534 2563 641 2627; x_wconf 90' lang='lat' dir='ltr'>minus</span> <span class='ocrx_word' id='word_1_131' title='bbox 657 2563 830 2646; x_wconf 84' lang='lat' dir='ltr'>diligenter</span> <span class='ocrx_word' id='word_1_132' title='bbox 844 2562 1003 2627; x_wconf 81' lang='lat' dir='ltr'>exhibere.</span> <span class='ocrx_word' id='word_1_133' title='bbox 1038 2565 1081 2626; x_wconf 93' lang='lat' dir='ltr'>In</span> <span class='ocrx_word' id='word_1_134' title='bbox 1095 2583 1159 2645; x_wconf 92' lang='lat' dir='ltr'>quo</span> <span class='ocrx_word' id='word_1_135' title='bbox 1174 2584 1208 2626; x_wconf 90' lang='lat' dir='ltr'>se</span> <span class='ocrx_word' id='word_1_136' title='bbox 1224 2563 1345 2644; x_wconf 83' lang='lat' dir='ltr'>gravari</span> 
     </span>
     <span class='ocr_line' id='line_1_20' title="bbox 396 2665 1346 2748; baseline -0.003 -18"><span class='ocrx_word' id='word_1_137' title='bbox 396 2686 549 2745; x_wconf 88' lang='lat' dir='ltr'>asserens,</span> <span class='ocrx_word' id='word_1_138' title='bbox 569 2666 609 2729; x_wconf 82' lang='lat' dir='ltr'>ad</span> <span class='ocrx_word' id='word_1_139' title='bbox 629 2666 774 2730; x_wconf 72' lang='lat' dir='ltr'>‘Luctare</span> <span class='ocrx_word' id='word_1_140' title='bbox 797 2666 819 2728; x_wconf 91' lang='lat' dir='ltr'><strong>J</strong></span> <span class='ocrx_word' id='word_1_141' title='bbox 820 2665 999 2743; x_wconf 87' lang='lat' dir='ltr'>erusalem,&#39;</span> <span class='ocrx_word' id='word_1_142' title='bbox 1020 2666 1062 2729; x_wconf 92' lang='lat' dir='ltr'>ad</span> <span class='ocrx_word' id='word_1_143' title='bbox 1079 2673 1217 2729; x_wconf 87' lang='lat' dir='ltr'>vestram</span> <span class='ocrx_word' id='word_1_144' title='bbox 1240 2665 1346 2748; x_wconf 90' lang='lat' dir='ltr'>appel·</span> 
     </span>
     <span class='ocr_line' id='line_1_21' title="bbox 395 2768 1347 2851; baseline -0.001 -20"><span class='ocrx_word' id='word_1_145' title='bbox 395 2768 473 2833; x_wconf 85' lang='lat' dir='ltr'>lavit</span> <span class='ocrx_word' id='word_1_146' title='bbox 488 2768 695 2847; x_wconf 79' lang='lat' dir='ltr'>audientiam,</span> <span class='ocrx_word' id='word_1_147' title='bbox 708 2777 740 2832; x_wconf 90' lang='lat' dir='ltr'>et</span> <span class='ocrx_word' id='word_1_148' title='bbox 756 2790 825 2832; x_wconf 92' lang='lat' dir='ltr'>rem</span> <span class='ocrx_word' id='word_1_149' title='bbox 840 2769 1045 2832; x_wconf 90' lang='lat' dir='ltr'>continentes</span> <span class='ocrx_word' id='word_1_150' title='bbox 1061 2778 1098 2831; x_wconf 92' lang='lat' dir='ltr'>ut</span> <span class='ocrx_word' id='word_1_151' title='bbox 1113 2776 1205 2851; x_wconf 87' lang='lat' dir='ltr'>gesta</span> <span class='ocrx_word' id='word_1_152' title='bbox 1218 2776 1278 2846; x_wconf 85' lang='lat' dir='ltr'>est,</span> <span class='ocrx_word' id='word_1_153' title='bbox 1290 2768 1347 2830; x_wconf 79' lang='lat' dir='ltr'>lias</span> 
     </span>
     <span class='ocr_line' id='line_1_22' title="bbox 395 2870 1343 2955; baseline -0.002 -20"><span class='ocrx_word' id='word_1_154' title='bbox 395 2894 414 2935; x_wconf 87' lang='lat' dir='ltr'>a</span> <span class='ocrx_word' id='word_1_155' title='bbox 437 2871 529 2935; x_wconf 90' lang='lat' dir='ltr'>nobis</span> <span class='ocrx_word' id='word_1_156' title='bbox 552 2872 661 2935; x_wconf 88' lang='lat' dir='ltr'>literas</span> <span class='ocrx_word' id='word_1_157' title='bbox 681 2872 873 2955; x_wconf 83' lang='lat' dir='ltr'>impetravit.</span> <span class='ocrx_word' id='word_1_158' title='bbox 920 2871 1038 2934; x_wconf 83' lang='lat' dir='ltr'>Valere</span> <span class='ocrx_word' id='word_1_159' title='bbox 1061 2892 1115 2934; x_wconf 88' lang='lat' dir='ltr'>vos</span> <span class='ocrx_word' id='word_1_160' title='bbox 1138 2879 1288 2954; x_wconf 87' lang='lat' dir='ltr'>optamus</span> <span class='ocrx_word' id='word_1_161' title='bbox 1310 2870 1343 2933; x_wconf 93' lang='lat' dir='ltr'>in</span> 
     </span>
     <span class='ocr_line' id='line_1_23' title="bbox 393 2974 1016 3058; baseline -0.005 -20"><span class='ocrx_word' id='word_1_162' title='bbox 393 2975 533 3053; x_wconf 90' lang='lat' dir='ltr'>domino,</span> <span class='ocrx_word' id='word_1_163' title='bbox 549 2982 640 3058; x_wconf 89' lang='lat' dir='ltr'>pater</span> <span class='ocrx_word' id='word_1_164' title='bbox 653 2974 689 3037; x_wconf 92' lang='lat' dir='ltr'>in</span> <span class='ocrx_word' id='word_1_165' title='bbox 704 2974 833 3038; x_wconf 81' lang='lat' dir='ltr'>Christo</span> <span class='ocrx_word' id='word_1_166' title='bbox 845 2974 1016 3038; x_wconf 86' lang='lat' dir='ltr'>carissime.</span> 
     </span>
    </p>
   </div>
   <div class='ocr_carea' id='block_1_3' title="bbox 543 3290 1194 3356">
    <p class='ocr_par' dir='ltr' id='par_1_3' title="bbox 543 3290 1194 3356">
     <span class='ocr_line' id='line_1_24' title="bbox 543 3290 1194 3356; baseline -0.002 -3"><span class='ocrx_word' id='word_1_167' title='bbox 543 3290 763 3355; x_wconf 77' lang='lat' dir='ltr'>EPISTOLA</span> <span class='ocrx_word' id='word_1_168' title='bbox 785 3292 1008 3356; x_wconf 77' lang='lat' dir='ltr'>CLXV.—sn</span> <span class='ocrx_word' id='word_1_169' title='bbox 1040 3312 1194 3354; x_wconf 80' lang='lat' dir='ltr'>euunru.</span> 
     </span>
    </p>
   </div>
   <div class='ocr_carea' id='block_1_4' title="bbox 394 3441 1344 3732">
    <p class='ocr_par' dir='ltr' id='par_1_4' title="bbox 394 3441 1344 3732">
     <span class='ocr_line' id='line_1_25' title="bbox 394 3441 1344 3525; baseline 0.001 -23"><span class='ocrx_word' id='word_1_170' title='bbox 394 3442 488 3503; x_wconf 77' lang='lat' dir='ltr'>Patri</span> <span class='ocrx_word' id='word_1_171' title='bbox 501 3460 556 3503; x_wconf 82' lang='lat' dir='ltr'>suo</span> <span class='ocrx_word' id='word_1_172' title='bbox 571 3448 601 3503; x_wconf 81' lang='lat' dir='ltr'>et</span> <span class='ocrx_word' id='word_1_173' title='bbox 616 3442 737 3505; x_wconf 75' lang='lat' dir='ltr'>domim</span> <span class='ocrx_word' id='word_1_174' title='bbox 752 3464 868 3507; x_wconf 74' lang='lat' dir='ltr'>mmmo</span> <span class='ocrx_word' id='word_1_175' title='bbox 877 3442 1022 3525; x_wconf 81' lang='lat' dir='ltr'>pontifici</span> <span class='ocrx_word' id='word_1_176' title='bbox 1037 3444 1077 3504; x_wconf 87' lang='grc' dir='ltr'>Α.</span> <span class='ocrx_word' id='word_1_177' title='bbox 1085 3441 1196 3524; x_wconf 81' lang='lat' dir='ltr'>frater</span> <span class='ocrx_word' id='word_1_178' title='bbox 1213 3444 1251 3505; x_wconf 87' lang='lat' dir='ltr'>G.</span> <span class='ocrx_word' id='word_1_179' title='bbox 1264 3443 1344 3505; x_wconf 81' lang='lat' dir='ltr'>Lon-</span> 
     </span>
     <span class='ocr_line' id='line_1_26' title="bbox 437 3544 1344 3628; baseline 0.002 -23"><span class='ocrx_word' id='word_1_180' title='bbox 437 3544 591 3607; x_wconf 82' lang='lat' dir='ltr'>donieusis</span> <span class='ocrx_word' id='word_1_181' title='bbox 605 3547 737 3608; x_wconf 75' lang='lat' dir='ltr'>ecclesio</span> <span class='ocrx_word' id='word_1_182' title='bbox 752 3548 902 3623; x_wconf 75' lang='lat' dir='ltr'>minister,</span> <span class='ocrx_word' id='word_1_183' title='bbox 912 3548 956 3609; x_wconf 85' lang='lat' dir='ltr'>od</span> <span class='ocrx_word' id='word_1_184' title='bbox 969 3568 1055 3609; x_wconf 79' lang='lat' dir='ltr'>omne</span> <span class='ocrx_word' id='word_1_185' title='bbox 1064 3548 1171 3628; x_wconf 79' lang='lat' dir='ltr'>patris</span> <span class='ocrx_word' id='word_1_186' title='bbox 1184 3547 1344 3627; x_wconf 73' lang='lat' dir='ltr'>imperium</span> 
     </span>
     <span class='ocr_line' id='line_1_27' title="bbox 436 3647 1004 3732; baseline 0.007 -24"><span class='ocrx_word' id='word_1_187' title='bbox 436 3647 560 3709; x_wconf 76' lang='lat' dir='ltr'>humilis</span> <span class='ocrx_word' id='word_1_188' title='bbox 574 3648 750 3712; x_wconf 72' lang='lat' dir='ltr'>obedientie</span> <span class='ocrx_word' id='word_1_189' title='bbox 757 3649 958 3732; x_wconf 79' lang='lat' dir='ltr'>famulatum.</span> <span class='ocrx_word' id='word_1_190' title='bbox 999 3666 1004 3673; x_wconf 82' lang='lat'><strong>·</strong></span> 
     </span>
    </p>
   </div>
   <div class='ocr_carea' id='block_1_5' title="bbox 391 3797 1344 4399">
    <p class='ocr_par' dir='ltr' id='par_1_5' title="bbox 391 3797 1344 4399">
     <span class='ocr_line' id='line_1_28' title="bbox 438 3797 1344 3864; baseline 0.004 -5"><span class='ocrx_word' id='word_1_191' title='bbox 438 3797 686 3863; x_wconf 75' lang='lat' dir='ltr'>Snnmrrrrurrs</span> <span class='ocrx_word' id='word_1_192' title='bbox 701 3810 815 3864; x_wconf 86' lang='lat' dir='ltr'>vestrae</span> <span class='ocrx_word' id='word_1_193' title='bbox 837 3800 991 3864; x_wconf 81' lang='lat' dir='ltr'>mandata</span> <span class='ocrx_word' id='word_1_194' title='bbox 1012 3800 1123 3864; x_wconf 87' lang='lat' dir='ltr'>debita</span> <span class='ocrx_word' id='word_1_195' title='bbox 1144 3800 1273 3864; x_wconf 89' lang='lat' dir='ltr'>domine</span> <span class='ocrx_word' id='word_1_196' title='bbox 1293 3823 1344 3863; x_wconf 83' lang='lat' dir='ltr'>re·</span> 
     </span>
     <span class='ocr_line' id='line_1_29' title="bbox 392 3900 1342 3987; baseline 0.004 -24"><span class='ocrx_word' id='word_1_197' title='bbox 392 3900 558 3966; x_wconf 88' lang='lat' dir='ltr'>neratioue</span> <span class='ocrx_word' id='word_1_198' title='bbox 595 3904 795 3987; x_wconf 88' lang='lat' dir='ltr'>suscipimus,</span> <span class='ocrx_word' id='word_1_199' title='bbox 826 3913 859 3967; x_wconf 90' lang='lat' dir='ltr'>et</span> <span class='ocrx_word' id='word_1_200' title='bbox 894 3904 1088 3987; x_wconf 84' lang='lat' dir='ltr'>exequendis</span> <span class='ocrx_word' id='word_1_201' title='bbox 1125 3904 1184 3982; x_wconf 95' lang='lat' dir='ltr'>his,</span> <span class='ocrx_word' id='word_1_202' title='bbox 1214 3926 1342 3987; x_wconf 88' lang='lat' dir='ltr'>operam</span> 
     </span>
     <span class='ocr_line' id='line_1_30' title="bbox 392 4007 1341 4089; baseline 0.003 -22"><span class='ocrx_word' id='word_1_203' title='bbox 392 4026 488 4087; x_wconf 92' lang='lat' dir='ltr'>quam</span> <span class='ocrx_word' id='word_1_204' title='bbox 502 4027 672 4089; x_wconf 89' lang='lat' dir='ltr'>possumus</span> <span class='ocrx_word' id='word_1_205' title='bbox 687 4015 720 4071; x_wconf 92' lang='lat' dir='ltr'>et</span> <span class='ocrx_word' id='word_1_206' title='bbox 736 4007 937 4089; x_wconf 88' lang='lat' dir='ltr'>diligentiam</span> <span class='ocrx_word' id='word_1_207' title='bbox 947 4018 1131 4071; x_wconf 72' lang='lat' dir='ltr'>reverenter</span> <span class='ocrx_word' id='word_1_208' title='bbox 1142 4008 1341 4071; x_wconf 77' lang='lat' dir='ltr'>adhibemus.</span> 
     </span>
     <span class='ocr_line' id='line_1_31' title="bbox 392 4107 1341 4194; baseline 0.001 -22"><span class='ocrx_word' id='word_1_209' title='bbox 392 4107 474 4173; x_wconf 81' lang='lat' dir='ltr'>Quae</span> <span class='ocrx_word' id='word_1_210' title='bbox 495 4108 520 4172; x_wconf 88' lang='lat' dir='ltr'>si</span> <span class='ocrx_word' id='word_1_211' title='bbox 545 4108 673 4191; x_wconf 87' lang='lat' dir='ltr'>quando</span> <span class='ocrx_word' id='word_1_212' title='bbox 693 4132 760 4173; x_wconf 92' lang='lat' dir='ltr'>nou</span> <span class='ocrx_word' id='word_1_213' title='bbox 781 4112 892 4173; x_wconf 86' lang='lat' dir='ltr'>statim</span> <span class='ocrx_word' id='word_1_214' title='bbox 918 4111 959 4174; x_wconf 79' lang='lat' dir='ltr'>ad</span> <span class='ocrx_word' id='word_1_215' title='bbox 983 4112 1053 4194; x_wconf 88' lang='lat' dir='ltr'>ipsa</span> <span class='ocrx_word' id='word_1_216' title='bbox 1075 4110 1341 4194; x_wconf 87' lang='lat' dir='ltr'>conquerentium</span> 
     </span>
     <span class='ocr_line' id='line_1_32' title="bbox 391 4211 1342 4297; baseline 0.005 -25"><span class='ocrx_word' id='word_1_217' title='bbox 391 4218 466 4274; x_wconf 84' lang='lat' dir='ltr'>vota</span> <span class='ocrx_word' id='word_1_218' title='bbox 493 4211 685 4293; x_wconf 82' lang='lat' dir='ltr'>peragimus,</span> <span class='ocrx_word' id='word_1_219' title='bbox 717 4234 782 4275; x_wconf 94' lang='lat' dir='ltr'>non</span> <span class='ocrx_word' id='word_1_220' title='bbox 813 4214 886 4277; x_wconf 91' lang='lat' dir='ltr'>ideo</span> <span class='ocrx_word' id='word_1_221' title='bbox 916 4215 1119 4297; x_wconf 88' lang='lat' dir='ltr'>negligenter</span> <span class='ocrx_word' id='word_1_222' title='bbox 1148 4225 1205 4277; x_wconf 87' lang='lat' dir='ltr'>ant</span> <span class='ocrx_word' id='word_1_223' title='bbox 1235 4214 1342 4297; x_wconf 88' lang='lat' dir='ltr'>tepide</span> 
     </span>
     <span class='ocr_line' id='line_1_33' title="bbox 392 4311 1344 4399; baseline 0.005 -25"><span class='ocrx_word' id='word_1_224' title='bbox 392 4333 463 4393; x_wconf 78' lang='lat' dir='ltr'>quse</span> <span class='ocrx_word' id='word_1_225' title='bbox 486 4311 578 4377; x_wconf 87' lang='lat' dir='ltr'>nobis</span> <span class='ocrx_word' id='word_1_226' title='bbox 598 4322 674 4377; x_wconf 87' lang='lat' dir='ltr'>sunt</span> <span class='ocrx_word' id='word_1_227' title='bbox 694 4315 841 4397; x_wconf 81' lang='lat' dir='ltr'>injuncta</span> <span class='ocrx_word' id='word_1_228' title='bbox 860 4319 1091 4399; x_wconf 85' lang='lat' dir='ltr'>prosequimur,</span> <span class='ocrx_word' id='word_1_229' title='bbox 1112 4338 1186 4380; x_wconf 89' lang='lat' dir='ltr'>eum</span> <span class='ocrx_word' id='word_1_230' title='bbox 1206 4338 1258 4379; x_wconf 88' lang='lat' dir='ltr'>res</span> <span class='ocrx_word' id='word_1_231' title='bbox 1279 4318 1344 4379; x_wconf 92' lang='lat' dir='ltr'>cito</span> 
     </span>
    </p>
   </div>
   <div class='ocr_carea' id='block_1_6' title="bbox 0 0 1618 5192">
    <p class='ocr_par' dir='ltr' id='par_1_6' title="bbox 0 0 1618 5192">
     <span class='ocr_line' id='line_1_34' title="bbox 0 0 1618 5192; baseline 0 3"><span class='ocrx_word' id='word_1_232' title='bbox 0 0 1618 5192; x_wconf 95' lang='lat' dir='ltr'> </span> 
     </span>
    </p>
   </div>
  </div>
 </body>
</html>
