3225 5192
406 676 471 740 282
720 689 881 734 oxnsrrrr
898 688 1050 733 rrrscorr

405 807 504 884 ribus,
520 807 606 892 viget
626 813 715 870 recte
734 805 814 868 fides
833 805 868 869 in
888 804 1042 888 principe,
1056 803 1144 887 viget
1157 804 1195 868 in
1208 803 1363 888 prelatis,

405 914 492 994 viget
511 911 547 974 in
567 909 715 974 subditis.
761 907 883 972 Omnes
898 906 974 971 fidei
987 906 1140 972 articulos
1153 907 1247 990 regni
1260 907 1363 991 hujus

406 1013 539 1080 ecclesie
553 1033 630 1076 sene
644 1010 878 1094 complectitur.
923 1011 954 1074 A
970 1010 1089 1074 summi
1102 1010 1265 1093 pontificis
1283 1010 1361 1075 obe-

407 1118 529 1183 dientie
542 1117 710 1201 presentis
732 1113 913 1180 schismatis
931 1114 1060 1178 insanie
1078 1135 1176 1178 nemo
1195 1113 1359 1193 dividitur,

406 1220 547 1284 ecclesiae
569 1225 769 1282 sacramente
791 1224 986 1282 venerentur
1007 1237 1121 1280 omnes
1142 1224 1177 1280 et
1197 1217 1360 1296 excolunt,

407 1323 587 1406 suscipiunt
606 1322 640 1386 in
661 1342 695 1386 se
715 1327 749 1386 et
770 1321 840 1384 eliis
853 1320 907 1404 pie
921 1326 1095 1404 mnoteque
1109 1319 1357 1384 communicent

408 1426 504 1494 Quod
520 1425 560 1490 sd
576 1445 690 1504 mores,
706 1424 741 1488 in
756 1425 868 1488 multis
883 1423 1013 1507 quidem
1028 1421 1222 1487 offendimus
1236 1443 1358 1488 omnes.

308 1525 315 1543 '
407 1531 559 1596 Errorem
580 1537 691 1594 temen
711 1549 806 1593 suum
826 1528 936 1592 nullus
955 1527 1108 1612 predicet
1128 1534 1186 1591 eut
1205 1526 1359 1607 defendit,

407 1655 518 1698 verum
537 1631 737 1718 poenitentiae
760 1631 902 1696 remedio
924 1638 1032 1714 speret
1054 1651 1149 1714 posse
1170 1631 1251 1694 dilui
1272 1631 1359 1716 quod

408 1737 562 1802 admittit.
606 1736 688 1800 Tota
706 1734 809 1818 igilur
826 1735 864 1798 in
882 1755 993 1817 regem
1007 1741 1067 1812 est,
1083 1741 1117 1797 et
1136 1733 1177 1796 de
1193 1753 1270 1816 rege
1284 1754 1359 1798 oon-

407 1839 513 1904 tentio
531 1838 572 1904 ob
593 1837 748 1922 quosdam
768 1836 1019 1902 consuetudines
1038 1836 1105 1900 suis
1123 1835 1360 1918 predecessori-

408 1943 470 2008 bus
489 1941 682 2020 observatos,
698 1948 737 2005 ut
756 1941 880 2020 asserit,
895 1948 929 2005 et
947 1938 1107 2004 exhibitus
1121 1960 1202 2022 quus
1216 1937 1278 2003 sibi
1291 1941 1361 2004 vult

408 2053 441 2110 et
458 2045 580 2128 expetit
595 2042 765 2109 observari.
812 2045 918 2127 Super
933 2043 996 2108 hoc
1009 2064 1030 2107 a
1042 2049 1149 2106 vestro
1163 2040 1361 2107 sublimitate

408 2147 623 2212 commonitus
642 2167 710 2211 non
729 2147 856 2212 desistit
875 2167 896 2210 e
913 2145 1085 2231 proposito,
1103 2166 1171 2209 non
1190 2146 1361 2210 renunciat

407 2251 446 2314 iis
458 2271 529 2332 quae
539 2249 678 2313 firmavit
689 2249 866 2332 antiquitus
881 2257 915 2314 et
928 2249 1027 2332 louge
1039 2248 1133 2332 regni
1147 2249 1359 2314 consuetudo.

410 2351 491 2416 Haec
505 2373 602 2416 cause
616 2359 665 2416 est
680 2373 738 2416 cur
752 2352 793 2416 ed
809 2375 900 2416 erma
918 2352 1097 2430 decurritis,
1113 2351 1197 2416 etin
1211 2358 1360 2416 unctum

409 2463 506 2540 ceput
528 2462 561 2519 et
582 2454 691 2520 nobile
713 2454 857 2538 gladium
878 2455 996 2520 librure
1016 2454 1219 2532 contenditis,
1241 2454 1361 2538 inquo

408 2561 508 2626 refert
535 2559 709 2644 plurimum
732 2558 819 2642 quod
840 2559 899 2622 hus
919 2559 989 2642 ipse
1010 2579 1078 2622 non
1099 2558 1225 2636 statuit,
1245 2558 1302 2622 sed
1322 2566 1360 2624 ut

409 2672 479 2728 tota
502 2662 594 2746 regni
613 2669 752 2728 testetur
772 2661 959 2745 antiquitus,
975 2661 1022 2726 sic
1040 2682 1095 2725 eus
1113 2661 1255 2745 repperit
1268 2662 1361 2726 insti·

409 2773 507 2830 tutas.
552 2764 639 2828 Nom
660 2762 821 2827 difficilius
842 2763 991 2827 evellitur
1012 2763 1098 2847 quod
1120 2763 1218 2828 ultius
1238 2764 1360 2828 rudicu-

286 2886 292 2901 ·
409 2875 474 2946 tur,
489 2868 590 2931 heeret
608 2865 720 2950 plante
734 2865 881 2930 tenacius
896 2887 967 2949 quse
981 2887 1055 2930 sues
1069 2867 1105 2930 in
1120 2867 1225 2930 ultum
1234 2866 1362 2951 jamdiu

409 2972 532 3036 radices
554 2970 733 3035 immiserit.
779 2969 889 3036 Quum
915 2969 1014 3054 siquis
1038 2969 1214 3036 transferre
1238 2969 1361 3034 deside·

409 3082 469 3152 ret,
485 3096 551 3138 non
567 3073 686 3138 viribus
702 3074 867 3138 evellendo
886 3080 946 3153 est,
965 3095 1009 3138 ne
1026 3074 1174 3158 protinus
1188 3081 1360 3140 exarescet.

410 3176 692 3241 Circumsodiende
706 3178 794 3262 prius
810 3185 860 3242 est
874 3185 908 3242 et
924 3177 1045 3241 humus
1059 3185 1109 3241 est
1123 3178 1291 3262 ejicienda,
1307 3177 1361 3242 de·

409 3280 564 3345 nudanda
582 3280 673 3344 radix
693 3281 846 3365 undique,
861 3289 900 3346 ut
919 3281 966 3345 sic
984 3279 1127 3364 prudens
1146 3282 1274 3366 expleat
1290 3281 1361 3344 dili·

410 3384 521 3468 gentia
531 3384 616 3468 quod
628 3384 674 3449 vis
685 3384 852 3450 commode
866 3405 933 3448 non
948 3385 1091 3468 expleret
1105 3385 1362 3468 incompetenter

410 3487 563 3552 adhibite.
608 3487 640 3552 A
660 3488 751 3552 bonis
774 3487 921 3571 exempla
941 3487 1100 3552 sumendo
1120 3495 1209 3566 sunt,
1230 3494 1264 3551 et
1285 3507 1361 3551 cum

409 3597 593 3654 tractentur
607 3588 801 3673 hujusmodi,
813 3591 956 3674 ipsorum
970 3599 1048 3655 sunt
1062 3612 1161 3674 opere
1174 3591 1362 3674 diligentius

411 3691 618 3756 attendenda.
664 3693 884 3757 Praedeoessor
900 3701 1006 3758 vester
1024 3694 1079 3759 ille
1098 3702 1192 3778 peter
1206 3693 1363 3777 Augusti·

410 3816 473 3858 nus
488 3794 592 3858 multe
611 3815 631 3856 e
649 3815 750 3876 regno
768 3796 831 3860 hoc
850 3797 1021 3879 extirpavit
1036 3797 1191 3876 enormia,
1207 3804 1241 3862 et
1255 3797 1362 3880 ipsum

409 3919 520 3980 regem
529 3896 592 3960 fide
602 3896 789 3962 illuminans
801 3921 912 3982 proves
922 3899 963 3964 ab
974 3921 1013 3964 eo
1024 3899 1285 3977 consuetudines,
1295 3919 1363 3963 non

412 3999 540 4085 quidem
562 4020 680 4083 paucus
702 4000 889 4078 eliminavit,
912 4023 979 4065 non
1001 4001 1180 4067 maledictis
1202 4001 1362 4085 equidem,

412 4102 468 4166 sed
491 4102 710 4167 benedicendo
734 4105 841 4186 potius
866 4111 900 4167 ct
924 4104 1139 4188 predicando,
1163 4102 1364 4168 exhortando

411 4206 592 4284 salubriter,
616 4212 649 4270 et
673 4211 845 4288 potentum
871 4207 997 4271 enimes
1022 4207 1066 4270 ed
1089 4206 1213 4271 bonum
1237 4205 1365 4270 fortiter

411 4309 606 4373 inclinando.
630 4308 813 4373 Cremensis
825 4308 879 4373 ille
890 4311 1058 4375 lohannes
1068 4309 1183 4375 diebus
1194 4309 1315 4373 nostris
1329 4308 1364 4374 in
