3225 5192
342 676 404 736 212
653 693 814 735 ortonam
833 694 985 736 ariscorr

341 819 442 895 pater,
465 808 605 886 ecclesia,
630 830 701 892 quae
725 810 790 871 suis
814 808 971 871 destituta
994 807 1175 891 pastoribus
1197 808 1294 890 longo

337 912 404 995 jam
420 918 527 975 tractu
547 910 700 994 temporis
718 910 843 974 luctum
861 910 1062 975 continuavit
1083 916 1116 975 et
1136 910 1293 986 lacrimas,

342 1015 398 1079 ubi
429 1022 534 1079 vestra
563 1013 788 1092 sollicitudine,
819 1034 916 1097 quam
946 1014 1085 1077 filiorum
1119 1012 1294 1077 commodis

341 1117 483 1181 studiose
503 1138 627 1199 semper
642 1116 837 1200 impenditis,
853 1138 910 1199 per
926 1116 1063 1180 ducatos
1078 1139 1098 1179 a
1112 1117 1212 1179 latere
1227 1137 1294 1179 ves-

344 1228 394 1282 tro
410 1218 493 1282 viros
508 1218 704 1282 venerabiles
719 1218 892 1283 Albertum
912 1226 945 1283 et
966 1218 1197 1282 Theodwinum
1212 1217 1295 1280 sedis

343 1321 523 1405 apostolicae
541 1321 665 1403 legatos
685 1321 720 1384 in
741 1321 897 1403 eligendis
912 1321 1094 1405 pastoribus
1109 1331 1142 1385 et
1157 1320 1295 1403 praelatis

344 1425 479 1507 gloriam
500 1422 659 1487 libertatis
674 1423 826 1501 obtinuit,
842 1433 964 1508 quanto
978 1444 1050 1489 eam
1066 1423 1156 1488 dolor
1171 1422 1296 1506 gravius

344 1528 508 1604 afflixerat,
524 1534 616 1591 tanto
632 1527 772 1591 uberiori
786 1528 916 1610 perfusa
933 1526 1051 1609 gaudio
1069 1527 1159 1590 intus
1179 1528 1214 1589 in
1234 1527 1296 1609 spi-

344 1631 409 1693 ritu
436 1629 654 1693 abundantius
679 1630 844 1694 exultavit.
889 1631 995 1694 Datus
1021 1630 1050 1694 ei
1075 1630 1181 1693 fuerat
1203 1630 1298 1713 juxta

344 1731 543 1815 prophetam,
570 1752 627 1813 pro
654 1752 735 1795 zona
755 1732 929 1807 funiculus,
953 1754 1011 1815 pro
1033 1731 1187 1816 crispanti
1209 1732 1297 1794 crine

346 1833 520 1911 calvitium,
537 1842 569 1897 et
585 1854 642 1916 pro
657 1832 755 1895 fascia
770 1832 923 1914 pectorali
934 1832 1013 1915 juge
1027 1831 1179 1895 cilicium.
1217 1831 1298 1896 Quae

345 1936 463 2014 omnia,
480 1935 621 1999 Domino
641 1942 791 2019 potenter
812 1935 964 1999 virtutem
984 1943 1138 2018 operante
1158 1956 1297 2018 perros,

346 2038 406 2101 sibi
423 2038 490 2120 jam
512 2038 608 2119 longe
628 2038 770 2121 projecta
789 2047 876 2117 sunt,
893 2048 925 2101 et
940 2038 1131 2102 electionum
1148 2037 1209 2101 sibi
1223 2059 1298 2101 con·

345 2160 432 2203 cessa
461 2139 620 2216 libertate,
646 2138 715 2221 jam
747 2137 837 2221 quasi
866 2137 1007 2201 vestibus
1041 2137 1157 2201 induta
1190 2138 1298 2220 gloriae

337 2264 461 2325 ,sponso
478 2263 535 2305 suo
554 2249 587 2305 et
605 2242 672 2323 regi
689 2262 785 2323 quam
801 2240 938 2322 gloriose
958 2247 1025 2304 tam
1046 2248 1079 2305 et
1099 2240 1298 2304 confidenter

345 2344 475 2421 assistit,
507 2344 567 2407 hac
597 2365 656 2407 usa
684 2344 835 2407 libertate
864 2366 960 2427 quam
990 2343 1131 2407 Domino
1161 2344 1296 2425 gratiam

345 2446 550 2510 ministrante
570 2468 626 2529 per
648 2467 702 2509 vos
723 2452 869 2510 assecuta
886 2453 944 2510 est.
992 2446 1113 2510 Sancta
1127 2444 1296 2509 Cantnari-

345 2550 430 2613 ensis
446 2549 578 2615 ecclesia
592 2549 648 2612 illa
662 2557 783 2613 sanctae
799 2550 955 2612 Romanae
969 2549 1111 2613 ecclesiae
1125 2548 1192 2611 lilia
1206 2548 1296 2631 spiri-

346 2654 440 2717 tualis
456 2661 488 2717 et
504 2652 716 2730 devotissima,
733 2652 914 2717 convocatis
934 2652 1089 2736 episcopis
1105 2652 1170 2715 suis
1185 2652 1296 2715 suffra-

347 2758 468 2841 ganeis,
491 2768 524 2821 et
546 2756 669 2823 coeteris
691 2756 790 2840 ipsius
815 2756 986 2839 provinciae
1008 2756 1161 2839 personis,
1185 2756 1220 2818 in
1243 2755 1298 2819 eli-

347 2861 452 2943 gendo
471 2860 531 2925 sibi
552 2869 675 2944 patrem
694 2868 728 2924 et
746 2858 1018 2943 archiepiscopum
1034 2865 1218 2923 sanctorum
1234 2867 1297 2922 sta·

345 2964 425 3027 tutis
448 2984 608 3027 canonum
630 2964 801 3047 diligenter
825 2962 1009 3037 observatis,
1031 2983 1131 3045 quum
1155 2961 1241 3045 apud
1264 2983 1298 3024 se

345 3065 503 3129 inveniret
526 3064 689 3144 idoneum,
712 3065 753 3129 ad
777 3065 828 3129 sui
851 3064 995 3147 regimen
1018 3063 1172 3129 accersire
1193 3063 1298 3127 noluit

345 3168 495 3231 alienum.
544 3165 676 3231 llabcns
700 3167 800 3249 igitur
822 3189 888 3251 prae
909 3168 1009 3231 oculis
1031 3166 1118 3251 quod
1142 3167 1297 3249 scriptum

344 3277 404 3347 est,
437 3268 566 3333 Habeat
596 3270 817 3353 unusquisque
846 3270 990 3333 fructum
1020 3292 1086 3333 suae
1113 3270 1235 3334 militiae
1263 3268 1298 3333 in

345 3372 487 3449 ecclesia,
502 3373 537 3435 in
554 3395 617 3455 qua
632 3394 729 3435 suam·
739 3394 796 3456 per
812 3371 920 3436 omnia
935 3372 1093 3454 transegit
1109 3380 1247 3449 aetatem,
1263 3371 1299 3435 in

344 3475 449 3537 aliena
470 3474 601 3539 minime
622 3475 781 3558 stipendia
801 3474 882 3539 alter
901 3475 1045 3557 obrepat,
1061 3496 1121 3537 nec
1137 3474 1189 3538 alii
1210 3474 1297 3538 debi-

345 3587 412 3640 tam
428 3578 509 3640 alter
525 3577 585 3640 sibi
600 3578 717 3642 audeat
732 3578 892 3642 vindicare
907 3578 1098 3656 mercedem,
1110 3580 1205 3662 juxta
1219 3578 1300 3640 illud

347 3680 511 3763 prophetae
526 3680 671 3758 dicentis,
689 3681 771 3744 ‘Pro
794 3682 938 3765 patribus
960 3681 1025 3744 tuis
1047 3682 1117 3744 nati
1140 3688 1218 3744 sunt
1240 3680 1299 3744 tibi

346 3781 424 3860 tilii,’
449 3782 550 3844 lilium
576 3802 670 3864 quern
696 3784 864 3859 nutrierat,
890 3805 984 3867 quem
1012 3784 1169 3865 regrlaris
1193 3782 1299 3846 obser-

347 3886 463 3949 vantiae
489 3886 585 3949 sacris
607 3887 733 3969 jamdiu
758 3887 918 3950 imbuerat
938 3886 1108 3963 institutis,
1125 3885 1299 3949 Ricardum

347 3990 484 4070 priorem
500 3990 643 4071 ejusdem
660 3991 799 4053 ecelesiae
815 3990 1020 4068 monachum,
1032 3990 1190 4052 virtutum
1205 3989 1299 4050 meri-

346 4094 387 4155 tis
410 4093 708 4169 commendabilem,
725 4096 794 4158 Deo
817 4105 855 4157 ut
876 4094 1036 4157 credimus
1058 4102 1092 4156 et
1114 4089 1299 4156 hominibus

347 4196 585 4278 acceptabilem,
600 4206 713 4280 utpote
729 4198 780 4261 cui
797 4198 838 4259 ad
853 4197 1032 4259 doctrinam
1048 4194 1192 4273 scientia,
1209 4200 1242 4257 et
1258 4192 1299 4256 ad

346 4296 549 4361 honestatem
565 4320 669 4362 mores
689 4298 876 4377 exuberant,
893 4298 993 4361 totius
1008 4303 1186 4360 conventus
1201 4294 1252 4357 sni
1267 4300 1300 4358 et
