3225 5192
284 659 353 738 am.
374 599 589 744 Ηθι-ῥδ9ι]Ι
614 645 858 710 bornonrnussis
872 593 1049 722 eburones.
1172 652 1235 714 361

285 775 418 864 modum
434 763 511 862 erga
525 775 689 846 ecclesiam
705 776 863 846 beneficia
879 779 915 842 in
932 766 1060 847 irritum
1076 783 1162 850 adeo
1183 786 1236 850 de·
1337 843 1344 855 .

284 877 403 960 vocari,
412 871 452 944 ut
465 900 485 944 a
499 879 594 944 corde
611 899 676 963 non
692 880 794 977 solum
811 883 902 964 quasi
916 891 1062 950 mortuus
1072 888 1235 968 occiderit,

285 982 342 1052 scd
363 991 397 1072 ct
417 981 500 1048 iram
523 971 663 1048 vestrnm'
687 978 783 1058 nullis
810 984 876 1048 suis
901 993 940 1048 ut
964 994 1071 1070 sperat
1101 991 1234 1069 meritis,
1311 976 1316 988 ⁵

283 1073 371 1152 unde
393 1093 482 1153 totus
508 1078 866 1156 turbatur'iricurrerit.
913 1089 947 1151 Si
973 1091 1051 1174 quid
1076 1094 1154 1172 vult,
1178 1116 1235 1159 vos

281 1189 361 1256 illud
379 1190 468 1256 nolle
478 1191 696 1273 conqueritur,
712 1190 834 1274 siquid
852 1177 1004 1275 postulat,
1020 1209 1075 1259 vos
1091 1183 1236 1279 avertero
1268 1244 1272 1254 -

280 1291 397 1358 faciem
413 1292 583 1362 erubescit.
628 1292 744 1356 Mcllct
759 1313 834 1356 cum
849 1293 945 1358 domo
960 1304 1065 1362 vestra
1079 1298 1235 1366 amicitias
1359 1317 1379 1379 ·,
1421 1257 1428 1272 ·
1466 1312 1471 1322 '

283 1417 350 1460 non
378 1395 489 1474 inisse,
512 1415 608 1480 quum
632 1395 743 1458 multis
773 1395 945 1479 acquisitas
973 1400 1096 1464 meritis
1126 1403 1236 1466 taliter
1287 1425 1295 1441 ·
1422 1411 1430 1426 '

278 1499 432 1565 amisisse.
460 1497 558 1562 Unde
573 1499 600 1562 si
615 1498 763 1582 quidest,
775 1499 860 1583 quod
877 1502 1083 1566 serenitatem
1092 1511 1233 1568 vestram
1296 1509 1320 1587 j

278 1603 431 1668 adversus
445 1604 551 1688 ipsum
566 1601 744 1683 obnubilet,
760 1603 873 1668 donari
887 1604 981 1668 nobis
998 1604 1084 1674 hanc
1096 1607 1233 1687 veniam,

278 1713 312 1771 et
334 1706 484 1771 nubilum
507 1707 567 1772 hoc
588 1706 688 1770 flante
708 1705 816 1771 sancti
837 1706 967 1792 spiritus
983 1729 1080 1792 aura,
1101 1731 1231 1793 prorsus

278 1810 433 1890 creonam,
449 1809 659 1893 postulamus,
675 1816 707 1874 ct
722 1808 757 1872 in
772 1808 900 1892 plenam
921 1810 1059 1888 gratiam
1074 1832 1230 1894 magnum
1342 1833 1351 1850 ·

277 1919 390 1978 vestrae
405 1912 520 1977 domus
541 1912 682 1976 amicum
702 1910 820 1994 suscipi
839 1917 873 1976 ct
887 1909 1015 1975 blandis
1034 1919 1068 1976 et
1088 1913 1230 1978 honestis
1273 1936 1301 1987 ,·

267 2015 538 2100 responsionibus
557 2013 657 2079 foveri
679 2014 890 2097 postulamus,
910 2014 1111 2095 mandamus,
1132 2024 1230 2101 atquc

278 2119 487 2204 precipimus.
521 2117 661 2202 Expedit
676 2119 763 2182 enim
779 2118 920 2182 ecclcsiae
933 2127 1048 2184 vestrae
1061 2142 1149 2186 uon.
1168 2171 1176 2188 .
1194 2171 1227 2189 ..
1321 2113 1357 2189 ’,
1382 2125 1391 2142 ’

196 2240 201 2248 ·
276 2244 435 2307 quemque
461 2223 502 2287 ab
527 2221 598 2306 ejus
628 2221 760 2286 alienari
790 2219 904 2306 gratia,
931 2223 1023 2305 cujus
1051 2222 1228 2290 liberalitas
1259 2255 1268 2268 ·

275 2325 380 2390 eidem
395 2327 502 2410 ampla
515 2327 689 2398 contulerit
703 2325 869 2392 beneficia.
913 2325 1057 2392 Priorem
1079 2336 1228 2392 nostrum
1334 2370 1340 2381 ι

274 2430 430 2508 yirtutum
461 2429 583 2492 meritis
613 2430 647 2491 in
676 2427 814 2511 publicis
839 2429 908 2511 jam
938 2429 1083 2494 diutione
1111 2429 1226 2496 domus

275 2540 380 2598 vestra
409 2531 450 2596 ad
475 2553 535 2595 nos
559 2552 626 2595 non
650 2530 869 2595 intercedente
898 2532 1052 2597 dilatione
1076 2534 1225 2613 remittit,
1291 2581 1298 2596 .

273 2657 390 2720 rogans
413 2643 446 2700 ct
469 2635 561 2699 uobis
583 2640 621 2698 ut
644 2635 755 2712 amico,
775 2634 816 2698 de
837 2656 903 2718 quo
922 2656 980 2719 per
1000 2635 1111 2700 omnia
1131 2637 1225 2703 benc.

276 2737 362 2803 Hinc
385 2738 426 2803 ad
449 2739 582 2803 fratrem
611 2737 811 2802 carissimum
841 2737 1021 2802 Rcbertnm
1046 2738 1086 2803 de
1112 2741 1226 2806 Csstro

272 2863 366 2920 novo,
385 2851 505 2909 nostra
525 2863 637 2905 cursus
657 2840 811 2905 orationis
828 2840 981 2905 illabitur.
1027 2841 1128 2925 Cujus
1146 2843 1225 2907 dum

273 2943 516 3024 reminiscimur,
539 2946 647 3009 animo
666 2944 702 3007 in
726 2944 851 3011 diversa
874 2944 1092 3008 distrahimur.
1136 2946 1225 3011 Nam

273 3050 299 3113 si
329 3050 450 3113 amicus
480 3056 541 3128 est,
571 3048 640 3131 ejus
670 3069 689 3111 a
718 3046 812 3111 nobis
844 3047 987 3129 elongari
1020 3049 1224 3130 presentiam

270 3159 439 3235 tantopere
468 3172 527 3215 cur
550 3151 723 3234 optamus?
771 3149 835 3212 Sed
865 3150 1007 3214 amicum
1034 3152 1138 3234 magis
1168 3152 1223 3219 ab·

271 3261 396 3317 sentem
411 3254 515 3316 vivere
531 3274 628 3336 quam
648 3259 839 3335 praesentem
859 3252 941 3315 mori
963 3252 1142 3335 optandum
1162 3262 1223 3319 cst.
1311 3273 1318 3287 ·

270 3357 339 3420 Sub
355 3355 600 3438 Arctophylace,
616 3354 676 3418 sub
691 3355 801 3432 Arcto,
817 3354 878 3418 sub
893 3375 951 3418 axe
964 3355 1094 3432 borcali,
1106 3362 1224 3420 cuncta

165 3484 169 3492 ·
270 3461 335 3525 sibi
348 3460 466 3523 infesta
488 3463 576 3522 sunt.
621 3458 688 3521 Aer
701 3456 848 3540 frigidus,
863 3463 976 3520 eterna
995 3456 1122 3540 glacies,
1139 3479 1223 3541 aqua

271 3563 394 3628 inutilis
416 3569 449 3626 ct
471 3561 616 3626 coctione
638 3559 796 3644 potabilis,
812 3559 904 3638 febri,
921 3581 984 3643 qua
1003 3560 1158 3642 fatigetur
1172 3583 1221 3625 as·

270 3667 370 3744 sidua,
400 3665 529 3749 plenam
560 3670 714 3748 praesbant
750 3683 882 3728 causam
912 3670 1010 3747 atque
1042 3664 1220 3729 materiam.

268 3769 352 3834 lude
381 3776 440 3846 est,
471 3767 557 3851 qnod
591 3766 716 3831 dilectae
753 3763 846 3830 nobis
882 3766 1077 3850 benignitati
1106 3776 1220 3832 vestrae

269 3893 376 3957 preces
398 3871 601 3956 porrigimus,
627 3879 664 3935 ut
687 3892 762 3934 cum
786 3871 877 3954 quasi
899 3871 1096 3954 postliminio
1117 3892 1220 3935 rever-

267 3999 350 4054 sum,
366 3997 442 4040 cum
456 3975 561 4058 gratia
582 3972 771 4057 suscipiatis,
788 3979 822 4036 et
841 3993 883 4037 ne
898 3974 980 4057 jugo
994 3993 1122 4056 pressus
1144 3973 1219 4038 obe-

268 4079 397 4164 dientise
422 4079 547 4149 tristius
576 4076 819 4161 ingemiscendo
845 4074 983 4155 deficiat,
1013 4075 1102 4139 vobis
1132 4097 1219 4140 com·

267 4192 463 4262 manentem,
481 4183 547 4273 suis
562 4182 685 4246 stellius
704 4187 737 4244 et
759 4181 917 4265 originem
936 4179 996 4263 piis
1015 4179 1123 4242 bausit
1146 4200 1219 4244 acre

168 4327 171 4332 ‚
265 4288 328 4351 frui
344 4287 548 4374 permittatis.
595 4284 804 4349 Confidentcr
820 4284 856 4347 in
872 4283 965 4348 amici
981 4290 1087 4345 castra
1102 4283 1218 4366 migra-
