3225 5192
246 737 312 781 sn.
329 707 533 793 noo-ee]
583 724 795 772 osocrsrarn
812 722 989 770 aaronem.
1157 684 1205 765 to'

243 849 410 935 negotium
430 843 606 929 sussepisse
627 841 846 926 eognovimus,
864 838 1061 906 beatitudini
1080 845 1195 904 vestrae

244 954 284 1020 de
296 954 359 1020 hoo
372 952 443 1036 ipso
458 947 684 1032 supplicamus,
696 951 735 1010 ut
749 944 891 1010 eundem
902 944 941 1008 in
954 964 1053 1009 eausa
1061 942 1198 1028 justitie

245 1061 277 1118 et
291 1051 436 1118 veritatis
456 1047 643 1113 sustentetis
663 1050 697 1110 et
717 1043 963 1110 Salaberiensis
980 1043 1122 1108 eoelesiae
1139 1041 1198 1108 lio-

245 1153 317 1220 nori
338 1161 372 1218 et
392 1149 530 1217 utilitati
548 1155 685 1234 puteana
710 1147 816 1230 gratis
835 1145 1038 1231 provideatis.
1082 1144 1200 1210 Valeat
1222 1143 1244 1188 Ὗ

246 1255 426 1322 sublimitas
439 1259 555 1333 vestus,
569 1251 751 1318 in⁰0hristo
766 1249 883 1315 dilecte
896 1249 1008 1334 pater!

302 1487 524 1556 nulsione
545 1488 717 1554 xu-is
734 1503 911 1551 unisonas
927 1503 1157 1550 soanusnrrn.

337 1628 424 1691 Raro
437 1645 493 1690 suo
508 1623 650 1690 dilectori
663 1624 802 1688 Hamoui
816 1623 1003 1689 Bordesleioe
1016 1624 1121 1689 obdas.

292 1765 430 1830 Mmsoa
446 1769 514 1828 tuse
529 1760 712 1827 dilectionis
732 1768 767 1826 et
785 1761 936 1846 benignu
948 1761 1204 1847 petitionisque

251 1889 304 1934 me
327 1867 449 1953 aliquid
478 1867 617 1933 scribere
642 1866 694 1931 vel
718 1865 841 1932 dictare
864 1866 1045 1951 postulasti,
1069 1867 1204 1932 tandem

249 1993 356 2058 pareo,
371 1978 405 2036 et
421 1971 528 2055 siquid
548 1969 645 2036 datur
664 1969 732 2049 otii,
752 1969 891 2034 libenter
911 1969 947 2034 id
966 1968 1074 2054 ipsum
1095 1969 1203 2036 studio

250 2083 317 2140 tum
341 2073 551 2158 benignitatis
573 2071 735 2156 impendo.
779 2072 878 2152 Nam,
901 2091 1003 2157 quum
1026 2073 1089 2140 tibi
1112 2072 1205 2139 sudi·

251 2184 324 2244 tum
337 2177 437 2242 luerit
451 2197 505 2242 me
519 2197 578 2260 pro
592 2173 722 2240 oreditae
740 2173 822 2239 mihi
840 2174 1087 2260 dispensationis
1100 2177 1206 2242 officio

252 2281 386 2346 verbum
400 2276 633 2345 exhortationis
647 2276 817 2362 aliquoties
834 2277 985 2344 habuisse
1003 2299 1080 2346 oum
1097 2280 1205 2346 freui-

253 2383 324 2463 bus,
338 2382 460 2468 ooepisti
474 2388 508 2448 et
521 2381 590 2466 ipse
603 2401 745 2466 presens
759 2381 931 2464 exhortari,
944 2389 984 2448 ut
998 2383 1105 2468 siquid
1123 2383 1207 2449 mihi

254 2486 415 2554 Dominus
430 2485 471 2550 de
485 2485 601 2570 spiritu
611 2505 670 2550 suo
679 2485 716 2548 in
728 2485 901 2569 Smipturis
914 2487 1084 2553 revelasset
1097 2488 1206 2552 muni·

254 2589 401 2668 ficentiae,
416 2608 485 2652 non
503 2587 650 2672 ingratus
668 2586 743 2653 stilo
761 2587 844 2653 illud
862 2589 1050 2674 exciperem,
1068 2597 1102 2656 et
1117 2590 1207 2675 quod

254 2693 354 2776 gram
373 2711 567 2776 oeoeperam,
586 2690 769 2774 aliquorum
788 2691 983 2758 edificationi
1001 2693 1208 2776 meinherum

254 2801 365 2879 gratus
379 2794 449 2879 ipse
461 2792 670 2877 publioarem.
709 2794 859 2860 Affirmas
873 2795 962 2859 enim
975 2795 1210 2860 multiformem

255 2897 392 2982 gratiam
411 2896 562 2982 simplicis
581 2896 670 2962 serbi
690 2897 764 2977 Dei,
783 2918 854 2963 non
871 2917 940 2962 uno
959 2904 1090 2964 tentum
1109 2899 1208 2964 modo

255 3001 317 3084 piis
326 2998 492 3066 mentibus
503 2998 729 3079 intimandum,
741 2998 798 3066 sed
813 2999 907 3066 variis
921 3001 1124 3067 traotandam
1138 3022 1208 3068 esse

255 3101 410 3168 doctrinm
424 3100 651 3167 schematibus.
690 3101 826 3183 Verum,
841 3103 925 3169 dent
938 3103 1024 3188 ipsos
1038 3125 1208 3191 eorporom

255 3225 378 3285 sensim
399 3223 457 3289 per
478 3225 559 3288 qnos
579 3203 622 3268 ad
641 3203 891 3288 intelligentiam
910 3206 1006 3272 nobis
1019 3207 1072 3273 via
1084 3215 1144 3288 est,
1160 3207 1209 3274 di·

254 3329 362 3374 versos
382 3307 470 3372 inter
491 3327 526 3371 se
544 3306 714 3390 vmiosque
734 3314 854 3374 nature
872 3308 1052 3390 constituit,
1073 3311 1121 3376 sie
1137 3333 1208 3378 rer·

254 3409 334 3476 bum
354 3410 418 3476 Dei
436 3410 532 3474 variis
551 3411 757 3478 tractandum
775 3434 848 3478 esse
864 3413 1022 3480 doetrinae
1040 3415 1209 3481 mhemati·

256 3512 328 3592 bus,
340 3520 375 3578 et
385 3533 475 3578 nuno
485 3513 743 3594 annuntiatione,
754 3536 844 3581 nnnc
857 3517 1024 3601 scriptume
1037 3517 1210 3584 subminis-

256 3616 410 3695 tratione,
425 3615 467 3680 ad
486 3615 542 3700 pia
562 3617 660 3682 eorde
679 3619 915 3704 trajiciendum,
927 3620 1037 3686 donee
1051 3621 1211 3688 formatum

257 3715 405 3784 Christus
419 3717 456 3783 in
470 3719 563 3784 nobis
578 3726 612 3785 et
627 3717 728 3786 simus
743 3743 856 3788 omnes
870 3721 1022 3788 docibiles
1037 3725 1109 3789 Dei.
1139 3727 1210 3790 An-

256 3821 360 3885 nectis
381 3821 514 3906 insuper
529 3842 652 3903 eorum,
668 3845 740 3908 quse
753 3825 789 3890 in
804 3825 938 3891 eeclesia
950 3827 1039 3892 velut
1053 3827 1212 3894 declama·

258 3923 356 3989 tionis
369 3923 467 3989 modo
480 3925 744 4009 pronuntiantur,
752 3927 842 3994 velut
856 3949 930 3994 enm
944 3931 1054 3996 sonito
1068 3930 1212 4017 deperire

258 4025 458 4106 memoriam,
480 4027 544 4091 nisi
567 4027 741 4112 Scripturae
762 4031 851 4095 velot
872 4029 1012 4115 quodam
1033 4033 1212 4099 retinaculo

259 4135 442 4210 teneantur,
454 4136 488 4194 et
502 4130 586 4196 siout
600 4131 836 4199 ulterventione
849 4133 936 4198 visus
949 4131 1213 4221 redintegrantur

259 4233 423 4298 menone
435 4232 615 4316 legentium
629 4234 745 4300 animis
758 4236 960 4320 ingerantur.
981 4237 1153 4304 omum
1162 4259 1213 4303 re-

258 4335 357 4420 plicas
370 4335 453 4402 illud
468 4334 629 4422 Sapientis
644 4338 818 4424 eloquium,
826 4338 955 4406 Aurum
965 4340 1081 4406 melius
1091 4339 1212 4425 disper·
