3225 5192
237 674 522 757 annor-89]
573 682 1017 737 uonnortrnns'rsrrrsronn.
1074 689 1077 694 ⁴
1128 677 1194 738 239

236 826 317 873 num
331 808 504 892 largiretur
518 808 552 871 in
568 808 666 872 coelis.
712 808 867 897 Alioquin
882 809 946 872 nisi
960 809 1093 873 monitis
1108 808 1192 872 salu·

236 913 361 978 taribus
383 913 609 996 acquiesceret,
624 912 778 979 sanctitas
793 922 909 991 vestra,
925 936 997 997 quae
1011 914 1075 978 buc
1090 935 1193 998 usque

236 1017 398 1101 patienter
424 1017 590 1093 sustinuit,
617 1017 752 1081 ulterius
780 1018 817 1081 in
846 1017 1004 1100 patientie
1032 1018 1193 1082 sustinere

238 1143 303 1185 non
324 1126 441 1203 posset.
486 1120 539 1183 Ad
560 1119 628 1183 haee
649 1120 825 1203 adjecimus
839 1121 1021 1185 timendum
1037 1120 1098 1185 sibi
1113 1121 1191 1198 iore,

238 1246 280 1287 ne
303 1224 331 1287 si
353 1231 458 1287 errata
479 1245 546 1286 non
569 1224 753 1307 corrigeret,
774 1226 856 1289 iram
875 1224 941 1289 cito
961 1224 1192 1308 omnipotentis

238 1327 301 1391 Dei
323 1326 511 1406 incurreret,
534 1335 572 1390 ut
596 1348 656 1391 nec
680 1348 818 1411 regnum
841 1329 910 1412 ejus
934 1327 991 1391 diu
1013 1336 1108 1407 stare,
1130 1348 1193 1391 nec

238 1452 312 1493 suos
333 1430 510 1513 prosperari
530 1430 742 1512 permitteret,
759 1432 816 1495 sed
831 1431 886 1514 qui
901 1430 1057 1496 humilem
1072 1430 1194 1494 exalta·

239 1540 337 1610 verat,
365 1534 433 1616 jam
459 1533 526 1617 jam
559 1533 737 1597 exaltatum
767 1534 807 1598 ab
838 1534 908 1617 ipso
932 1533 1026 1617 regni
1052 1532 1194 1598 culmine

238 1636 349 1699 durius
365 1634 526 1699 allidendo
541 1636 703 1720 dejiceret.

217 1780 220 1785 -
282 1740 357 1822 Ipse
378 1760 451 1803 vero
473 1740 708 1823 eorreptionem
730 1745 867 1803 vestram
890 1739 993 1802 multa
1015 1738 1193 1822 gratiam

239 1843 365 1907 actione
385 1842 570 1926 suscipiens,
585 1842 691 1905 multa
711 1840 811 1904 enimi
830 1840 1054 1921 temperantia,
1075 1840 1193 1904 multu

239 1968 302 2030 que
317 1945 475 2010 modestia
489 1952 722 2028 consequenter
736 1942 901 2027 respondit
915 1943 957 2007 ad
971 1944 1110 2027 singula.
1151 1944 1194 2007 ln

238 2050 350 2134 primis
366 2070 511 2114 asserens
532 2054 675 2112 mentem
697 2068 788 2111 suam
809 2068 829 2110 a
848 2046 936 2111 vobis
956 2047 1143 2111 nullatenus
1158 2068 1193 2111 se

242 2152 401 2231 avertisse,
417 2174 477 2216 nec
495 2152 528 2215 id
546 2172 690 2235 unquam
705 2149 861 2234 propositi
874 2157 986 2214 mente
999 2151 1192 2234 coneepisse.

240 2256 329 2322 Quin
345 2256 424 2319 dum
438 2262 606 2338 paternam
622 2252 683 2316 sibi
698 2251 837 2335 gratiam
851 2250 1070 2330 exhibueritis,
1085 2272 1140 2315 vos
1154 2258 1194 2315 ut

239 2367 364 2443 patrem
388 2358 512 2441 diligat,
536 2365 570 2421 et
594 2364 739 2421 sanctem
761 2355 944 2419 Romanam
965 2354 1132 2419 ecclesiam
1154 2361 1193 2420 ut

239 2471 377 2527 matrem
406 2468 578 2526 veneretur
608 2468 641 2524 et
670 2460 785 2538 foveat,
811 2467 845 2523 et
870 2459 968 2523 sacris
994 2458 1195 2542 jussionibus

240 2567 363 2645 vestris,
380 2566 470 2629 salva¹
487 2565 548 2629 sibi
570 2586 629 2629 sua
649 2563 806 2647 regnique
826 2562 877 2625 sui
897 2561 1066 2644 dignitate,
1085 2561 1194 2625 humi-

240 2670 315 2734 liter
336 2668 535 2753 obtemperet
558 2675 590 2732 et
613 2667 752 2732 obediat.
797 2665 895 2731 Quod
919 2666 946 2729 si
970 2686 1025 2729 vos
1044 2664 1114 2749 jam
1137 2664 1195 2728 ali·

241 2772 396 2858 quamdiu
418 2772 512 2836 solita
533 2772 713 2835 reverentia
731 2789 798 2834 non
817 2768 966 2852 respexit,
987 2767 1074 2831 banc
1094 2766 1197 2850 hujus

240 2878 288 2941 rei
312 2896 441 2941 causam
467 2875 589 2951 asserit,
614 2873 700 2958 quod
725 2894 800 2937 cum
825 2871 915 2937 vobis
940 2871 977 2936 in
1001 2871 1194 2938 necessitate

241 2988 310 3045 toto
334 2978 439 3058 eorde,
463 2985 534 3044 tota
556 2984 676 3056 mente,
699 2976 776 3041 totis
798 2975 920 3040 viribus
942 2974 1113 3053 adstiterit,
1134 2972 1196 3038 sibi

240 3082 448 3168 postmodum
467 3104 524 3166 per
544 3080 678 3145 nuncios
697 3082 733 3144 in
754 3079 946 3145 necessitate
959 3078 1139 3143 recurrenti
1154 3077 1197 3143 ad

242 3210 297 3251 vos
312 3186 410 3271 digne
429 3208 488 3271 pro
508 3186 633 3249 meritis
648 3184 802 3249 sanctitas
817 3189 923 3248 vestra
937 3204 1005 3248 non
1018 3180 1195 3266 respondit,

242 3290 299 3355 sed
317 3290 354 3355 in
374 3290 464 3355 omni
482 3290 549 3353 fere
569 3289 724 3373 petitione
745 3308 803 3351 sua
823 3308 857 3351 se
876 3288 1037 3371 repulsam
1053 3286 1197 3351 sustinu-

242 3392 304 3457 isse
329 3392 538 3475 conqueritur
564 3398 597 3455 et
623 3390 793 3454 erubescit.
848 3390 899 3453 De
924 3395 1060 3474 paterna
1084 3395 1196 3453 tamen

243 3494 381 3559 conlisus
396 3494 510 3579 gratia,
527 3516 598 3577 quae
613 3494 717 3557 filium
732 3513 833 3577 quum
848 3493 934 3557 solet
952 3492 1113 3570 exaudiet,
1128 3492 1198 3555 vnl-

242 3607 297 3661 tus
317 3618 448 3681 sperans
468 3606 501 3661 et
521 3605 709 3680 exspectans
729 3596 877 3675 lectiores,
892 3596 928 3660 in
946 3594 1035 3660 beati
1055 3595 1144 3659 Petri
1159 3616 1198 3659 ao

244 3709 358 3779 vestra,
373 3708 412 3765 ut
434 3700 557 3765 dictum
580 3708 639 3779 est,
655 3700 812 3764 fidelitate
832 3699 991 3764 immobili
1014 3698 1198 3763 constantia

243 3810 434 3887 perseverat.
480 3802 561 3867 Inde
577 3812 625 3867 est
641 3802 728 3887 quod
748 3804 955 3867 sanctitatem
969 3809 1110 3867 vestram
1123 3801 1198 3865 visi·

243 3914 313 3971 tare
341 3907 514 3985 volentem,
544 3906 673 3970 nullum
701 3927 832 3989 prorsus
860 3905 1024 3990 impediet,
1050 3905 1107 3970 sed
1136 3925 1198 3969 nec

244 4010 412 4089 hactenus,
427 4017 466 4073 ut
480 4010 603 4088 asserit,
619 4009 796 4093 impedivit.

288 4114 329 4177 In
352 4114 620 4198 appellationibus
641 4136 680 4178 ex
703 4114 837 4198 antiqua
854 4115 948 4198 regni
969 4113 1020 4177 sui
1041 4109 1201 4175 constitu-

242 4218 332 4282 tione
347 4218 381 4281 id
397 4218 458 4282 sibi
473 4218 615 4282 vindieat
636 4218 766 4283 honoris
782 4228 816 4282 et
831 4218 947 4296 oneris,
962 4223 1001 4282 ut
1015 4213 1057 4279 ob
1071 4212 1196 4277 civilem

243 4342 372 4387 causam
398 4324 507 4387 nullus
532 4323 719 4390 clericorum
749 4322 841 4406 regni
866 4322 916 4386 sui
937 4320 1081 4405 ejusdem
1104 4316 1198 4400 regni
