3225 5192
423 658 482 720 142
739 672 1055 718 omenarraerscorr

419 814 550 879 poenam
569 812 667 877 quam
685 792 838 877 suspicari
857 798 1013 877 poteram,
1028 789 1083 854 sed
1103 812 1223 855 munna
1242 799 1373 876 reporto

420 897 507 982 quod
522 894 739 981 desperabam.
771 894 898 959 Munus
912 895 999 959 enim
1014 893 1095 957 mihi
1110 894 1232 978 grande
1245 903 1372 979 reputo,

419 1000 645 1066 descendentis
660 1000 700 1064 de
714 1006 827 1064 monte
837 998 946 1083 Moysi
960 998 1074 1063 faciem
1085 998 1136 1063 vel
1151 1020 1171 1063 a
1184 1000 1281 1083 longe
1295 1021 1372 1065 oon·

418 1104 578 1187 templari,
603 1110 636 1167 et
661 1103 840 1167 claritatem
864 1102 973 1165 vultus
998 1102 1078 1185 ejus,
1103 1122 1201 1185 quam
1225 1102 1373 1166 infirmus

418 1207 472 1272 vix
491 1206 576 1290 capit
591 1206 712 1283 oculus,
728 1204 846 1289 objecti
865 1204 980 1268 saltem
994 1204 1160 1268 velaminis
1179 1205 1372 1289 quibusdam

420 1309 512 1393 quasi
530 1307 766 1374 rarescentibus
783 1308 846 1372 filis
863 1308 1066 1391 aliquatenus
1079 1308 1211 1372 intueri.
1254 1308 1372 1372 mans-

419 1414 518 1477 missa
531 1432 672 1496 namque
681 1410 769 1477 nube
784 1420 818 1476 et
832 1412 979 1495 caligine,
990 1412 1027 1475 in
1041 1412 1110 1495 ipso
1125 1411 1243 1475 mentis
1252 1413 1372 1477 vertice

420 1518 477 1602 qui
491 1537 580 1583 sacer
594 1536 668 1581 vere
685 1537 779 1581 mons
793 1522 853 1593 est,
868 1535 943 1578 cum
962 1515 1033 1598 ipsa
1050 1514 1123 1579 luce
1137 1536 1235 1598 quam
1252 1524 1372 1581 sanctae

420 1628 546 1685 mentes
569 1620 764 1699 inhabitant,
788 1618 957 1702 soliloquia
982 1624 1095 1681 sancta
1117 1620 1291 1699 tractastis,
1314 1620 1371 1684 ubi

420 1724 461 1788 de
481 1724 572 1789 fonte
591 1724 673 1788 lucis
692 1722 855 1801 hauriens,
875 1723 980 1787 multa
995 1722 1032 1786 in
1048 1722 1201 1806 paginam
1220 1744 1293 1805 quae
1312 1744 1371 1788 nos

420 1826 564 1895 docendo
593 1827 799 1911 corrigerent,
824 1834 858 1891 et
887 1826 1061 1891 occidentis
1090 1828 1194 1891 nostri
1222 1827 1372 1892 tenebras

420 1932 560 2015 gratiosa
582 1932 632 1995 sui
654 1926 857 2014 plenitudine
873 1930 1006 1994 luminis
1027 1930 1236 1995 illustrarent.
1283 1930 1371 1997 Hinc

418 2033 569 2099 habitum
586 2034 666 2097 mihi
689 2033 773 2098 bene
787 2035 872 2098 circa
885 2054 940 2097 vos
955 2033 1118 2117 dispositae
1130 2035 1250 2099 mentis
1264 2043 1370 2099 osten-

420 2136 505 2216 ditis,
529 2144 567 2201 ut
591 2137 627 2200 in
649 2138 778 2203 virtutis
807 2136 987 2221 appetitum
1015 2144 1161 2201 mentem
1189 2159 1296 2202 meam
1321 2138 1372 2201 vel

419 2262 528 2305 coram
552 2240 657 2324 posito
682 2240 811 2304 virtutis
840 2240 970 2323 speculo
998 2240 1185 2323 provocetis.
1231 2242 1286 2305 Sic
1314 2263 1373 2305 sua

420 2344 524 2407 sancti
537 2342 624 2408 bona
637 2343 823 2427 frequenter
833 2343 997 2422 intimant,
1008 2362 1077 2407 non
1090 2350 1129 2407 ut
1143 2362 1212 2407 sese
1222 2342 1372 2407 laudibus

420 2445 566 2525 efferant,
582 2446 638 2510 sed
658 2453 695 2510 ut
713 2446 783 2509 aliis
800 2446 838 2510 in
854 2466 889 2509 se
906 2444 994 2529 quod
1013 2444 1185 2509 salubriter
1203 2446 1373 2510 imitentur

419 2550 601 2613 ostendant.
648 2546 737 2613 Hinc
757 2548 798 2614 ad
821 2555 966 2613 mentem
986 2547 1068 2612 mihi
1090 2548 1195 2611 cordis
1214 2548 1271 2611 illa
1289 2548 1373 2613 moa

419 2674 475 2716 vos
490 2653 649 2737 simulque
663 2652 822 2718 labiorum
837 2651 1036 2716 circumcisio
1050 2658 1162 2715 sancta
1172 2651 1370 2734 proponitur,

420 2762 458 2819 ut
477 2756 566 2821 intus
586 2755 671 2839 apud
693 2778 745 2821 me
765 2756 806 2820 de
824 2762 938 2820 caetero
953 2754 1034 2847 quid?
1044 2754 1095 2819 vel
1112 2754 1165 2818 cui
1178 2754 1228 2818 vel
1244 2755 1372 2838 quando

420 2859 593 2925 dicendum
608 2860 659 2937 sit,
676 2867 751 2942 apto
772 2858 906 2923 rationis
925 2858 1144 2922 moderamine
1160 2857 1372 2941 dispensetur,

420 2970 454 3027 et
474 2963 622 3027 internus
639 2961 693 3024 ille
714 2961 800 3024 calor
819 2959 919 3023 animi
935 2960 982 3023 sic
1001 2959 1205 3044 erumpatin
1218 2958 1371 3038 medinm,

420 3072 458 3129 nt
477 3065 553 3148 igne
572 3064 627 3126 illo
641 3062 719 3125 foris
734 3083 794 3125 vox
809 3062 930 3140 ardeat,
946 3082 1044 3145 quem
1058 3062 1147 3127 veuit
1161 3061 1323 3127 Dominus
1336 3062 1372 3126 in

419 3174 539 3231 terram
557 3166 695 3241 mittere,
711 3184 779 3227 non
797 3184 894 3245 quem
913 3163 1024 3227 studet
1038 3186 1059 3227 a
1073 3164 1233 3228 Gohenm
1247 3186 1373 3248 semper

418 3268 519 3333 hostis
534 3268 743 3331 inflammare.
789 3266 935 3349 Purgato
948 3273 1026 3330 sunt
1040 3266 1205 3350 propheta
1218 3267 1315 3345 labia,
1330 3267 1372 3333 sd
1418 3258 1425 3268 ’

419 3371 556 3454 desuper
570 3369 659 3434 allati
674 3369 821 3434 carbonis
835 3377 1005 3446 attactum,
1017 3378 1051 3433 et
1062 3370 1125 3433 oris
1139 3369 1205 3435 mei
1218 3377 1373 3454 potenmt

419 3474 549 3557 purgari
570 3474 741 3557 superflua,
766 3474 809 3538 ad
828 3474 929 3558 patris
950 3482 984 3537 et
1007 3474 1130 3537 domini
1154 3474 1207 3558 pie
1231 3495 1372 3538 commo·

419 3577 528 3641 nentis
553 3577 745 3660 exemplum.
792 3577 963 3641 Patientise
987 3598 1063 3642 vero
1091 3577 1169 3661 quid
1196 3598 1373 3642 memorem

419 3702 517 3764 quam
538 3681 619 3744 mihi
635 3688 746 3745 sancte
767 3681 954 3764 proponitis,
970 3692 1009 3745 ut
1030 3681 1116 3745 hanc
1134 3680 1215 3744 mihi
1233 3702 1371 3765 prmsen-

418 3784 520 3849 tando
544 3804 625 3848 mese
653 3804 706 3847 me
732 3804 945 3867 possessorem
971 3785 1089 3848 animae
1111 3785 1162 3847 vel
1191 3784 1371 3849 decaetero

418 3888 567 3952 faciatis?
613 3888 696 3952 Quae
714 3887 870 3951 nimirum
890 3888 998 3951 anima
1017 3888 1096 3952 dum
1111 3888 1228 3951 rationi
1244 3888 1371 3952 rebellis

419 3998 478 4069 est,
495 3992 573 4055 dum
588 3999 748 4074 repugnat
763 3990 900 4074 spiritui,
912 3991 991 4054 dum
1005 3991 1081 4055 laesa
1095 3998 1322 4068 remurmurat,
1338 3998 1371 4053 et

418 4096 454 4160 in
483 4096 641 4159 ultionem
666 4114 735 4159 sese
764 4095 920 4172 stimulat,
945 4102 979 4158 et
1007 4094 1197 4171 inflammat,
1223 4094 1371 4157 nondum

419 4201 550 4285 quidem
574 4200 763 4283 possidetur.
809 4200 863 4264 Ad
882 4200 1049 4264 Christum
1068 4220 1142 4263 vero
1163 4218 1316 4262 conversa
1336 4205 1371 4261 et

419 4303 454 4365 in
477 4303 592 4367 melius
609 4308 809 4366 commutata
832 4323 906 4366 cum
928 4302 1027 4385 ipsius
1049 4302 1205 4385 exemplo,
1224 4324 1299 4366 suas
1320 4322 1369 4365 re·
