3225 5192
385 660 429 726 32
628 671 789 721 eruerent
806 671 925 718 rouor
940 669 1085 715 sessus
1214 649 1217 653 ’

458 963 680 1033 EPIS'POLA
700 961 887 1028 XIX.-sn
901 975 1093 1022 concussu
1108 973 1261 1019 rerouru

739 1086 765 1130 s.
781 1083 984 1128 nicrinus.

392 1241 431 1306 G.
446 1239 508 1303 Dei
518 1237 628 1321 pratia
642 1233 739 1297 obbas
756 1231 934 1296 Glocestriu
949 1229 1061 1292 dilecto
1068 1225 1140 1308 filio
1153 1245 1209 1289 nso
1223 1224 1340 1288 Ioanni

570 1337 680 1403 Priori
695 1335 805 1400 Sancti
819 1333 996 1412 Mwhoelis,
1010 1333 1151 1395 wlstani.

432 1493 585 1558 ersuss
610 1461 861 1554 vobisdirectus
886 1483 1019 1548 domino
1047 1477 1262 1546 landaviensi
1284 1477 1339 1541 de·

387 1595 508 1662 feretis.
554 1593 590 1657 Si
610 1613 666 1658 vos
688 1588 837 1668 audierit,
858 1587 977 1671 gratius
998 1585 1047 1649 illi
1066 1583 1202 1670 [debis],
1218 1582 1247 1648 si
1265 1603 1340 1647 vero

387 1697 565 1785 perstiterit
578 1695 613 1760 in
626 1693 790 1779 proposito
805 1689 991 1775 Apostoliec
1003 1687 1065 1773 ipsi
1084 1686 1275 1752 ιιιοιοιὶιιιο
1289 1706 1339 1749 re-

388 1801 519 1866 sistetis.
578 1795 800 1881 Apostolicum
829 1793 916 1858 enim
950 1791 1154 1877 privilegium
1184 1787 1340 1853 hsbems

389 1925 456 1990 prae
470 1899 619 1966 munibus
637 1906 676 1963 ιιι
693 1897 810 1962 liberos
830 1916 983 1981 quosque,
999 1894 1055 1980 qui
1072 1915 1107 1958 se
1125 1892 1204 1958 locis
1223 1890 1341 1956 nostris

390 2007 563 2092 sepulturae
592 2003 762 2080 dederunt,
787 2000 888 2066 libere
917 1999 1138 2083 suscipiamus.
1194 1993 1342 2062 Quodsi

391 2131 488 2195 super
512 2109 574 2174 hoc
599 2105 774 2192 perstiterit
801 2110 834 2169 et
856 2124 913 2168 vos
936 2101 973 2166 in
996 2101 1169 2166 interdicto
1189 2097 1341 2178 tenuerit,

390 2211 588 2279 audientium
610 2206 733 2274 domini
753 2207 853 2290 legati
872 2205 1025 2270 adhibitis
1045 2204 1184 2269 testibus
1203 2201 1342 2288 appelln-

392 2315 469 2381 bitis
485 2319 518 2379 et
532 2313 563 2378 ci
576 2313 674 2396 hujus
689 2310 826 2375 sotionis
844 2308 930 2373 diem
945 2307 1027 2372 Acae
1040 2307 1076 2372 in
1089 2315 1149 2372 tus
1165 2306 1343 2372 misericor-

390 2417 443 2484 dia
456 2414 676 2483 nominabitis.
720 2413 847 2478 anete.

446 2675 669 2744 EPISTOLA
690 2673 857 2740 XX.·-sn
873 2695 905 2738 e.
919 2691 1099 2738 cressum
1114 2690 1288 2737 sensuris.

391 2829 513 2892 Dilecto
526 2825 631 2910 fratri
651 2845 706 2888 uso
720 2824 850 2908 filioque
868 2825 1029 2889 occisusne
1050 2822 1090 2889 Β.
1108 2825 1270 2888 Uenuleio
1283 2825 1345 2888 Dei

432 2931 541 3014 pratia
570 2929 685 3006 abbati,
705 2924 815 3007 frater
842 2929 881 2991 G.
910 2928 1087 2992 Glocectriae
1116 2928 1217 2992 Mus
1239 2927 1345 3007 abbas,

435 3019 566 3080 ιαιιιιειιι
579 3015 746 3118 medisque
760 3014 974 3078 emulantium.

437 3166 602 3229 Srusuuls
624 3183 695 3246 quse
715 3162 810 3227 nobis
831 3163 998 3228 literarum
1017 3163 1228 3248 inscriptione
1253 3185 1344 3228 mun·

396 3268 496 3332 dnstis
510 3265 703 3351 respondere
722 3265 764 3330 sd
783 3271 912 3350 tempus
927 3266 1117 3347 omittimus,
1133 3268 1210 3352 quis
1222 3265 1346 3351 negotii

393 3370 497 3436 nostri
511 3370 609 3433 finem
632 3367 759 3452 qualem
781 3368 973 3453 disposuerit
987 3371 1149 3435 Dominus
1166 3371 1231 3434 cito
1251 3369 1346 3435 nobis

395 3473 564 3538 imminere
594 3471 827 3556 cognoscimus.
880 3472 932 3536 De
956 3472 1026 3556 ipso
1054 3478 1166 3536 tomen
1193 3471 1346 3553 largitore

394 3576 554 3642 bonorum
569 3575 711 3640 Domino
725 3575 859 3640 meliors
872 3596 998 3658 semper
1011 3581 1227 3658 expectamus,
1237 3581 1275 3638 ιιι
1290 3571 1347 3658 qui

395 3678 482 3742 bons
503 3679 642 3742 contulit
662 3677 755 3743 nobis
777 3678 864 3742 donc
884 3677 1076 3764 multiplicet
1096 3683 1130 3742 et
1151 3677 1290 3762 gratiam
1310 3676 1347 3740 in

395 3801 460 3865 que
480 3781 634 3864 praevcnit
655 3803 715 3846 nos
737 3781 947 3866 subsequenti
972 3782 1071 3846 etiem
1092 3781 1258 3846 cumulmc
1279 3801 1346 3845 non

394 3881 530 3947 desinat.
575 3883 650 3968 Ipse
674 3904 721 3948 vae
743 3891 901 3963 nostrum,
924 3884 951 3948 si
973 3885 1051 3970 quid
1069 3885 1106 3948 in
1125 3885 1277 3969 presenti
1297 3889 1347 3948 est

395 3986 553 4050 convertit
575 3986 612 4050 in
637 3985 802 4069 gaudium,
827 3995 860 4052 et
886 3986 913 4051 si
936 3987 1049 4052 liventi
1069 3987 1163 4052 oculo
1183 3988 1220 4050 in
1241 3987 1348 4070 aliquo

396 4089 583 4174 perstrinxit
609 4111 678 4170 nos,
705 4091 828 4156 exitum
855 4091 970 4155 laetitin
997 4091 1246 4157 consummabit.
1296 4091 1349 4155 De

397 4197 504 4258 cetero
531 4193 684 4257 noveritis
712 4215 765 4258 mc
794 4195 860 4258 vite
893 4193 1011 4260 comite
1039 4201 1073 4260 et
1102 4194 1256 4278 sospitate
1287 4193 1349 4258 hcc

397 4295 543 4378 proxime
556 4295 718 4362 dominice
727 4301 901 4362 sentimum
908 4296 1113 4364 Wmtouism
1127 4297 1170 4363 ed
1180 4297 1352 4364 dominum
