3225 5192
367 656 429 718 166
678 676 837 722 cruens-rr
855 676 1007 720 srrscorr

363 795 462 875 vobis,
478 798 601 880 eritque
615 796 701 881 apud
716 818 768 861 me
782 816 909 879 semper
919 792 1058 881 jubendi
1070 791 1167 876 plena
1181 791 1319 854 auctori-

363 905 424 977 tas,
440 900 521 965 mibi
534 921 609 965 vero
623 922 684 965 nec
699 901 799 977 deest,
814 921 876 965 nec
891 918 1036 981 unquam
1051 895 1154 960 deerit
1170 899 1319 977 prompta

363 1001 453 1066 vobis
467 1002 665 1088 obsequendi
678 1004 838 1068 voluntas.
882 1003 1016 1065 Vestras
1034 998 1187 1065 nimirum
1206 1018 1317 1080 preces

362 1106 483 1187 pariter
504 1114 538 1170 et
558 1114 718 1191 pmceptn
732 1106 778 1170 sic
794 1104 878 1169 ratio
893 1102 1068 1180 distribuit,
1083 1107 1178 1165 ornat
1199 1099 1316 1163 hones-

362 1214 422 1286 tas,
437 1209 595 1273 modestia
609 1230 734 1293 semper
748 1230 855 1273 comes
870 1206 1065 1283 moderatur,
1081 1211 1119 1267 ut
1133 1202 1316 1267 volentibus

362 1310 447 1394 quod
461 1312 634 1377 honestum
649 1320 708 1392 est,
724 1333 762 1376 ea
776 1331 924 1376 recusare
939 1310 981 1374 sit
996 1307 1229 1373 difficillimum.
1274 1303 1315 1369 In

361 1434 399 1479 eo
416 1415 575 1499 siquidem
592 1417 723 1499 negotio
742 1437 838 1499 super
853 1435 916 1498 qno
930 1413 1121 1478 mandatum
1136 1409 1314 1475 sublimite-

359 1517 402 1581 tis
416 1525 529 1583 vestrm
547 1541 651 1604 nuper
671 1518 788 1603 accepi,
808 1519 845 1582 in
864 1516 995 1600 negotio
1009 1515 1157 1580 videlicet
1175 1513 1314 1576 fratrum

359 1620 400 1683 de
415 1621 658 1702 Teoohesberia,
676 1622 856 1707 promptius
871 1622 1002 1705 quidem
1019 1627 1053 1683 et
1071 1619 1169 1701 longe
1185 1614 1314 1701 expedi·

358 1723 423 1786 tius
437 1725 500 1789 illis
516 1726 648 1791 consilio
663 1726 784 1810 pariter
805 1731 840 1790 et
863 1723 982 1789 auxilio
1002 1721 1203 1807 profuissem,
1219 1719 1247 1782 si
1261 1718 1314 1782 die

358 1847 421 1909 quo
443 1848 496 1891 me
517 1850 637 1912 urgens
658 1829 850 1893 mandatnm
871 1826 995 1891 domini
1015 1821 1257 1889 Cantuariensis
1279 1830 1313 1885 et

356 1929 512 2013 injuncte
526 1931 573 1995 vis
588 1930 779 1996 obedientiae
800 1932 878 1995 illuc
892 1930 1012 2008 venire,
1028 1936 1061 1992 et
1076 1928 1117 1991 de
1130 1927 1217 1991 facta
1231 1925 1312 1989 elec·

356 2032 445 2096 tione
459 2032 621 2117 inquirere
636 2034 752 2117 coegit,
769 2034 883 2099 saltem
898 2031 979 2096 mihi
992 2032 1044 2095 vel
1058 2030 1154 2095 verbo
1169 2049 1312 2093 commu·

355 2134 526 2215 nicassent,
548 2158 568 2201 a
589 2137 706 2220 quibus
728 2159 796 2201 non
819 2137 978 2201 admissus
998 2156 1067 2200 non
1087 2132 1181 2217 potui
1202 2131 1312 2196 inritis

354 2235 548 2304 beneficium
569 2247 731 2323 praestare,
748 2240 834 2324 quod
856 2260 946 2303 nunc
971 2238 1101 2321 quidem
1122 2257 1181 2319 pro
1203 2254 1311 2299 amore

355 2339 427 2419 Dei,
444 2349 477 2406 et
492 2363 550 2427 pro
565 2343 744 2408 reverentia
758 2342 905 2407 mandeti
920 2342 1028 2421 vestri,
1038 2362 1106 2405 non
1120 2337 1246 2422 negabo
1260 2337 1311 2402 rel

352 2443 498 2527 ingratis.
517 2447 731 2511 Honestatem
741 2467 882 2531 namque
893 2446 1003 2510 electae
1012 2464 1158 2528 personae
1168 2440 1310 2526 approbo

354 2552 387 2611 et
402 2549 602 2629 commendo,
619 2556 652 2613 et
672 2549 700 2613 si
720 2571 773 2614 me
793 2572 868 2614 cum
887 2548 1056 2631 negotium
1070 2547 1177 2631 ipsum
1191 2551 1309 2608 tracta-

352 2649 451 2730 bitur,
474 2652 629 2717 interesse
651 2652 833 2737 contigerit,
857 2652 897 2715 de
919 2651 1019 2735 ipsius
1042 2648 1244 2734 promotione
1267 2645 1309 2711 sd

352 2752 508 2819 honorem
528 2762 561 2819 et
579 2756 755 2821 utilitatem
769 2756 908 2819 fratrum
923 2762 957 2818 et
972 2751 1158 2817 monasterii
1173 2751 1213 2815 de
1227 2751 1308 2815 Teo·

353 2853 526 2935 chesberia,
549 2862 708 2942 quantum
730 2863 853 2941 potero,
876 2855 963 2920 salva
987 2877 1066 2938 pace
1091 2854 1307 2938 prelatorum,

352 2964 458 3023 vestra
470 2980 564 3043 prece
579 2960 805 3039 commonitus,
821 2979 952 3043 operam
968 2958 1061 3023 dabo.
1091 2957 1219 3022 Valete.

383 3258 602 3371 Ei'lS'I'OIrA
624 3262 910 3327 cxxvnu-in
932 3283 1119 3326 sonnerunt
1135 3281 1274 3326 amcos-

646 3386 800 3429 runssnu
816 3386 1017 3429 snrsconuu.

1231 3518 1239 3532 θ
1298 3521 1305 3535 Ι

357 3515 531 3580 Venerabili
548 3516 669 3581 domim
683 3519 845 3602 fratrique
865 3519 1025 3581 consumo
1040 3519 1079 3581 R.
1095 3518 1207 3581 lincol

394 3619 459 3681 Dei
477 3622 586 3700 pratia
600 3623 750 3704 episcopo,
764 3621 877 3704 freter
895 3622 931 3684 G.
947 3621 1197 3703 Heresordiensis
1210 3623 1305 3685 eccle-

393 3723 448 3786 sioe
475 3725 626 3803 misrister,
656 3727 813 3790 Christum
835 3725 994 3808 portando
1022 3725 1058 3789 io
1085 3744 1118 3789 sc
1146 3725 1306 3789 ambulare

392 3828 548 3907 sapienter
561 3836 592 3892 et
605 3829 715 3893 nobie.

396 3978 578 4043 Suscnrrrs
599 3980 700 4045 literis
723 3980 839 4065 quibus
859 3981 1028 4065 diligentia
1047 3992 1106 4046 nos
1123 3988 1232 4046 vestra
1249 3981 1303 4045 lse·

348 4082 472 4145 tificare
493 4081 627 4165 dignata
649 4090 708 4162 est,
729 4084 823 4148 solito
845 4086 967 4167 gratior
988 4092 1022 4149 et
1044 4092 1198 4149 consueto
1220 4106 1302 4149 sere-

349 4185 422 4249 nior
436 4184 509 4251 ilico
523 4184 616 4251 nobis
632 4185 699 4250 dies
713 4186 829 4251 illuxit
871 4189 1002 4252 Auditis
1016 4188 1103 4252 enim
1117 4210 1226 4252 rerum
1243 4236 1251 4251 .
1269 4237 1276 4250 .
1295 4238 1301 4250 .

352 4336 466 4353 .....
483 4291 659 4371 eventibus,
673 4297 706 4357 et
720 4292 869 4376 perplexa
883 4292 1023 4375 quadam
1038 4292 1163 4375 ingenii
1177 4291 1303 4355 subtili-
