3225 5192
285 610 352 653 sm,
371 590 567 672 nel-se]
618 609 1059 654 nouoournusrsnmsronn.
1171 592 1236 654 343

284 745 432 790 revocare
464 732 646 811 procurent.
707 725 789 790 Haeo
818 747 959 809 namque
989 733 1023 790 et
1050 726 1236 811 hujusmodi

286 829 508 894 ecclesiastice
536 830 742 894 correctionis
770 829 1016 907 medicamenta,
1042 849 1115 912 quse
1143 821 1236 893 nobis

287 933 431 1016 exempla
445 939 629 997 sanctorum
647 941 843 1016 proponunt,
859 954 934 996 eum
951 931 992 996 de
1011 933 1115 996 salute
1130 933 1237 1015 egitur

287 1034 505 1120 subjectorum
525 1037 560 1100 iu
576 1036 708 1100 caritate
723 1056 783 1100 nos
799 1037 949 1100 convenit
964 1035 1109 1118 experiri,
1126 1034 1182 1119 qui
1200 1037 1236 1099 in

285 1139 403 1222 populo
422 1139 522 1223 patris
542 1159 661 1202 nomen
682 1145 716 1202 et
736 1139 873 1222 pastoris
888 1139 1027 1202 officium
1042 1138 1236 1217 obtinemus,

285 1263 327 1305 ne
346 1242 397 1305 vel
415 1242 587 1326 perniciem
609 1248 666 1305 eut
685 1242 864 1330 perieulum
880 1241 1030 1306 freternae
1048 1241 1160 1305 solutis
1180 1241 1237 1304 sli-

286 1343 363 1427 quid
392 1365 536 1427 unquam
566 1365 765 1428 praepropere
795 1349 986 1408 statuamus.
1033 1343 1124 1426 Saepe
1150 1345 1237 1407 enim

284 1466 367 1530 quos
381 1446 480 1511 verbo
497 1467 566 1510 non
584 1453 725 1525 movent,
741 1445 874 1510 verbere
887 1453 1086 1528 promovent,
1102 1452 1135 1508 et
1150 1443 1237 1527 quod

285 1555 391 1612 metus
412 1569 517 1632 poenae
539 1571 605 1613 non
628 1549 733 1628 efficit,
756 1550 828 1633 ipso
847 1570 1018 1633 poenurum
1040 1548 1239 1631 experientia

284 1673 519 1736 nonnunquam
541 1660 719 1735 extorquet,
735 1650 823 1716 bona
842 1659 891 1716 est
913 1651 1087 1715 necessitas
1101 1671 1174 1734 quee
1187 1650 1239 1714 vel
1325 1721 1329 1728 .

285 1753 411 1818 emulis
429 1753 587 1838 prohibet,
603 1755 654 1818 vel
674 1754 715 1818 ad
735 1755 870 1818 meliora
883 1754 1056 1837 compellit.
1102 1755 1237 1818 Utrum·

283 1877 346 1939 que
364 1877 421 1940 per
436 1857 498 1920 Dei
520 1858 657 1937 gratiam
673 1857 733 1921 hnc
748 1857 843 1921 nobis
857 1857 909 1920 viu
923 1857 1119 1939 sperandum
1134 1863 1193 1934 em,
1209 1855 1239 1920 si

283 1979 345 2024 nec
363 1959 543 2042 poenitendi
561 1960 625 2023 illis
645 1966 774 2043 tempus
794 1960 959 2038 adimitur,
975 1979 1036 2022 neo
1055 1959 1122 2024 ullo
1139 1957 1237 2022 relin-

284 2062 394 2144 quitur
408 2061 544 2126 lneultes
559 2062 768 2145 malignandi.
815 2062 953 2126 Utinam
967 2060 1050 2125 votis
1064 2061 1130 2125 tuis
1145 2081 1237 2126 sene·

283 2164 357 2227 tiori
377 2172 543 2230 succurrat
563 2165 705 2243 consilio,
723 2187 802 2250 quos
818 2165 915 2229 ultius
930 2164 1058 2241 imbuit,
1075 2185 1154 2249 quos
1169 2185 1237 2226 am-

283 2266 376 2348 pliori
392 2268 497 2350 gratie
512 2267 645 2350 spiritus
660 2267 815 2331 infundit.
846 2267 972 2330 Valete.

458 2571 678 2637 EPISTOLA
701 2572 886 2636 ΘΟΕ-η
903 2592 1057 2636 ronnei«.

290 2724 464 2788 Venerabili
484 2724 605 2787 domino
617 2722 780 2804 fratrique
798 2724 958 2786 carissimo
973 2723 1013 2786 R.
1034 2723 1239 2803 qunienei

327 2828 388 2890 Dei
404 2830 512 2910 pretio
526 2828 676 2908 episcopo,
685 2824 795 2906 freter
813 2825 851 2887 G.
867 2825 1092 2888 londoniensis
1106 2826 1238 2888 ecclesie

327 2931 477 3009 minieter,
493 2931 623 2992 salntem
638 2935 669 2992 et
683 2927 814 3010 effectus
827 2929 930 2990 intimi
945 2927 1147 2990 dilectiorem

204 3154 209 3164 .
327 3081 446 3144 Morus
462 3080 542 3144 solet
558 3101 626 3144 esse
643 3079 852 3163 prudentum,
869 3078 968 3142 etiem
987 3079 1023 3140 in
1041 3099 1113 3142 non
1130 3077 1238 3142 dubiis

285 3183 459 3264 efflagitare
474 3182 653 3245 consilium.
699 3181 796 3247 Quod
816 3187 850 3245 et
869 3187 975 3245 vestro
995 3181 1142 3245 discretio
1162 3201 1238 3263 pru·

285 3284 400 3348 denter
415 3267 596 3362 observans,
612 3305 632 3346 a
646 3283 738 3346 nobis
754 3284 906 3346 sciscitari
922 3282 1033 3361 voluit,
1049 3283 1126 3365 quid
1143 3303 1239 3365 super

283 3387 335 3450 his
349 3387 529 3450 textoribus
545 3387 731 3464 sentiemus,
749 3387 803 3469 qui
819 3393 958 3450 vestram
977 3406 1083 3469 nuper
1100 3385 1238 3470 ingressi

284 3489 446 3554 dioeccsim
468 3489 542 3553 telis
564 3509 690 3553 areneae
706 3509 785 3573 ques
800 3489 915 3552 misere
936 3494 1116 3567 texuerunt,
1131 3489 1235 3572 ipsum

285 3595 408 3678 operire
427 3592 532 3657 moliti
551 3600 638 3671 sunt,
654 3600 688 3657 et
707 3593 878 3670 involvere,
895 3598 928 3656 et
948 3590 1012 3654 nisi
1032 3599 1162 3656 sanetus
1181 3611 1239 3675 per
1366 3588 1372 3599 ’

285 3718 339 3760 vos
362 3697 407 3761 eis
431 3696 561 3780 spiritus
583 3695 764 3774 restitisset,
789 3694 938 3777 nequiter
958 3695 1239 3777 superseminatis

285 3799 414 3863 zizaniis
433 3798 605 3863 infatuare.
651 3797 717 3862 Qui
739 3797 835 3860 corde
856 3795 1184 3879 conceptushoereses
1202 3797 1238 3859 iu

285 3903 401 3986 vulgus
424 3901 604 3986 spargendo
624 3900 810 3984 praedicent,
831 3906 864 3962 et
885 3899 920 3961 in
939 3899 1012 3982 jure
1034 3898 1184 3962 conventi
1206 3905 1239 3962 et

289 4004 488 4083 commoniti,
505 4003 632 4068 easdem
647 4002 760 4067 attrito
773 4001 881 4065 fronte
900 3999 1071 4066 defendere
1090 4021 1157 4062 non
1176 3999 1239 4062 for-

287 4107 423 4171 mident.
470 4106 617 4171 Quorum
638 4125 752 4183 sermo,
773 4125 816 4167 ne
835 4104 977 4168 canceris
996 4103 1032 4164 in
1052 4101 1184 4166 modum
1204 4103 1239 4165 in
1297 4103 1307 4118 '

285 4211 359 4274 imis
374 4217 493 4293 serpat,
508 4217 541 4274 et
562 4229 667 4277 errore
687 4207 783 4271 simili
804 4206 1008 4291 quamplures
1025 4205 1175 4284 involvat,
1191 4206 1238 4288 ip-
