3225 5192
420 662 484 726 126
729 681 889 727 osannam
906 680 1059 726 nrrscor1

559 934 784 1001 EPISTOLA
805 934 1019 1001 XCIXe-an
1031 954 1186 1001 nuunnu.

417 1073 512 1137 Patri
525 1092 580 1136 csso
595 1083 626 1136 et
639 1072 760 1136 domm
781 1092 898 1134 summo
913 1069 1058 1153 pontifici
1072 1071 1113 1133 E.
1133 1072 1171 1134 G.
1187 1071 1371 1152 Herefordi·

461 1172 542 1235 enus
563 1172 695 1234 ecclesie
720 1172 870 1247 minutor,
895 1170 1030 1233 debitum
1055 1170 1229 1232 dilectioaie
1250 1176 1282 1233 ct
1303 1170 1371 1234 obe-

359 1266 379 1299 ·’
463 1274 585 1337 dicmiae
591 1271 791 1355 famulatum.

462 1392 645 1457 Cannicum
660 1391 748 1454 hunc
758 1391 894 1453 latorem
906 1390 1123 1473 praesentium,
1135 1390 1253 1455 dilecte
1267 1398 1371 1474 pater,

419 1495 461 1561 ad
486 1493 718 1559 sublimitatem
742 1504 882 1557 vestram
907 1494 1025 1575 scripto
1050 1494 1147 1558 titulo
1172 1515 1279 1558 oausae
1303 1514 1372 1559 sum

419 1596 666 1674 transmisimus,
681 1602 719 1661 ut
734 1595 790 1679 qui
814 1595 943 1660 stunc
962 1595 1078 1678 jaculis
1097 1616 1191 1678 poene
1205 1596 1372 1659 confossus

419 1698 535 1776 iuerat,
561 1697 601 1779 ad
631 1698 730 1761 vitam
759 1697 874 1761 solatio
903 1698 1015 1779 gratiae
1044 1704 1159 1761 vestrae
1186 1696 1371 1761 reducatru.

421 1800 487 1863 Hic
505 1798 666 1881 quendam
687 1798 845 1862 decmnm
865 1806 1025 1876 nostrum,
1041 1799 1241 1863 sacerdotem
1254 1798 1371 1863 hones-

418 1907 491 1965 tum
512 1896 549 1964 id
568 1900 701 1982 agendis
719 1907 752 1963 st
772 1900 970 1965 sustinendis
991 1901 1133 1965 ecclesia
1151 1901 1291 1983 negotiis
1312 1922 1372 1983 per

420 2002 529 2069 omniu
543 2009 720 2079 strenuum,
736 2001 879 2067 scientia
891 2004 1030 2085 vitaque
1043 2002 1159 2066 merito
1172 2003 1208 2067 in
1227 2003 1372 2085 publicas

417 2105 486 2188 jam
508 2104 738 2187 gratfflmiones
761 2113 955 2188 susceptum,
970 2125 1038 2168 non
1057 2103 1129 2187 aliis
1146 2105 1216 2187 ejus
1235 2106 1370 2184 meritis,

421 2205 484 2269 nisi
507 2205 592 2289 quod
617 2206 782 2269 ecclesiam
807 2206 969 2288 quandam
988 2227 1061 2291 quae
1078 2205 1179 2290 patris
1200 2206 1295 2270 istius
1317 2228 1371 2269 ex·

421 2306 557 2386 atitcrat,
583 2306 625 2371 do
649 2328 669 2371 o
693 2307 787 2373 bonae
814 2308 977 2373 memoria
1001 2308 1242 2392 praedecessoris
1268 2309 1372 2373 nostri

421 2408 543 2473 domini
568 2408 703 2473 Boberti
729 2409 869 2493 episcopi
892 2418 1085 2495 susceperat,
1105 2418 1139 2475 et
1160 2411 1197 2475 in
1219 2412 1290 2494 ipsa
1311 2412 1371 2475 mi·

420 2510 600 2590 nistrabat3
629 2512 671 2575 ob
700 2512 785 2576 hanc
815 2534 945 2578 causam
970 2506 1265 2579 excommunicatus
1289 2514 1371 2596 pub·

420 2615 491 2694 lice,
514 2622 588 2698 post
616 2602 747 2698 longam
776 2617 992 2696 afflictionem,
1018 2623 1053 2681 et
1079 2617 1222 2681 inediam
1250 2616 1371 2683 absolvi

420 2716 549 2797 meruit,
570 2719 755 2802 juramento
779 2719 815 2783 in
839 2721 928 2785 hunc
951 2720 1085 2785 modum
1107 2720 1260 2804 prestito,
1284 2719 1371 2803 quod

333 2876 336 2883 .
419 2820 487 2885 sita
504 2820 631 2897 comite,
646 2820 825 2885 necessario
839 2841 916 2885 casu
936 2842 1004 2885 non
1024 2821 1210 2898 obsistente,
1226 2819 1370 2885 sublimi-

419 2928 522 2988 tatem
545 2930 684 2987 vestram
707 2922 767 2986 sub
790 2923 976 3005 praescripta
998 2924 1059 2987 sibi
1079 2924 1151 3006 lege
1169 2922 1370 3007 punitentia)

420 3025 533 3103 adibit,
552 3023 689 3107 jussioni
703 3030 826 3101 vestre,
848 3044 1058 3107 quacumque
1078 3026 1186 3103 fuerit,
1201 3026 1243 3089 ob
1265 3024 1369 3108 culpae

419 3126 545 3190 veniam
568 3124 738 3208 pariturum.
784 3123 860 3190 Qua
881 3125 916 3187 in
939 3145 976 3187 re
994 3126 1090 3206 juxta
1112 3124 1222 3189 datam
1241 3127 1372 3192 vobisn

419 3226 560 3290 Domino
571 3223 761 3307 sapientiam
775 3232 809 3288 et
824 3224 962 3306 gratiam
976 3225 1137 3309 peccatori
1150 3227 1370 3311 providebitis,

420 3324 453 3391 et
474 3332 512 3391 ut
532 3326 627 3409 culpa
645 3325 805 3409 condigne
823 3326 987 3409 puniatur,
1007 3335 1041 3391 et
1064 3327 1120 3411 qni
1144 3328 1185 3393 de
1203 3330 1372 3416 triumpho

418 3428 526 3511 lapsus
549 3434 598 3492 est
622 3428 774 3511 antiquus
795 3429 896 3493 hostis
920 3430 1053 3495 minime
1076 3431 1241 3513 glorietur.
1287 3433 1372 3498 Sub-

419 3530 539 3595 limitas
554 3536 659 3596 vestra
677 3531 712 3594 in
727 3530 827 3615 longa
844 3537 990 3615 tempora
1004 3542 1211 3599 conservetur
1224 3534 1325 3599 inm
1337 3543 1372 3600 et

418 3632 598 3697 incolumis.
1122 3628 1126 3633 ’

575 3904 795 3970 EPISTOLA
814 3905 1068 3974 C.—anu1.1au
1085 3929 1128 3971 nu
1145 3929 1210 3971 sur.

400 4130 403 4137 Α
423 4039 579 4103 (tilbertus
600 4040 666 4103 Dei
683 4015 792 4121 piatio
813 4040 1063 4141 Herefgrds'eusis
1081 4043 1250 4123 episcopm,
1273 4042 1372 4107 amico

663 4162 717 4207 suo
732 4144 832 4227 Helice
848 4146 887 4210 de
902 4146 969 4224 Sci,
984 4147 1124 4211 salutern.

463 4267 582 4347 Nouus,
603 4269 775 4361 carissime,
796 4292 892 4354 qnam
915 4280 1102 4340 constanter
1123 4292 1265 4336 amorem
1290 4270 1371 4338 mihi

421 4376 454 4432 et
470 4370 609 4434 ecclesiae
624 4394 695 4454 quac
710 4372 794 4437 circa
808 4396 862 4438 vos
882 4383 931 4439 est
950 4376 1106 4439 honorem
1120 4381 1154 4437 et
1168 4395 1280 4457 pacem
1298 4394 1369 4456 pro-
