<?xml version="1.0" encoding="UTF-8"?>
<!DOCTYPE html PUBLIC "-//W3C//DTD XHTML 1.0 Transitional//EN"
    "http://www.w3.org/TR/xhtml1/DTD/xhtml1-transitional.dtd">
<html xmlns="http://www.w3.org/1999/xhtml" xml:lang="en" lang="en">
 <head>
  <title>
</title>
<meta http-equiv="Content-Type" content="text/html;charset=utf-8" />
  <meta name='ocr-system' content='tesseract 3.04.00' />
  <meta name='ocr-capabilities' content='ocr_page ocr_carea ocr_par ocr_line ocrx_word'/>
</head>
<body>
  <div class='ocr_page' id='page_1' title='image "./gilbertiexabbat00gilegoog_0358.png"; bbox 0 0 3225 5192; ppageno 0'>
   <div class='ocr_carea' id='block_1_1' title="bbox 243 691 1196 775">
    <p class='ocr_par' dir='ltr' id='par_1_1' title="bbox 243 691 1196 775">
     <span class='ocr_line' id='line_1_1' title="bbox 243 691 1196 775; baseline 0.013 -22"><span class='ocrx_word' id='word_1_1' title='bbox 243 691 524 774; x_wconf 54' lang='lat' dir='ltr'><strong>mallet-89]</strong></span> <span class='ocrx_word' id='word_1_2' title='bbox 577 712 1020 760; x_wconf 75' lang='lat' dir='ltr'><strong>uouuoumusrsumsronn.</strong></span> <span class='ocrx_word' id='word_1_3' title='bbox 1088 770 1090 775; x_wconf 49' lang='grc'>,</span> <span class='ocrx_word' id='word_1_4' title='bbox 1131 701 1196 765; x_wconf 82' lang='grc'><strong>317</strong></span> 
     </span>
    </p>
   </div>
   <div class='ocr_carea' id='block_1_2' title="bbox 264 1045 1181 1219">
    <p class='ocr_par' dir='ltr' id='par_1_2' title="bbox 264 1045 1181 1219">
     <span class='ocr_line' id='line_1_2' title="bbox 264 1045 1181 1116; baseline 0.009 -7"><span class='ocrx_word' id='word_1_5' title='bbox 264 1045 485 1112; x_wconf 75' lang='lat' dir='ltr'><strong>Erlsroun</strong></span> <span class='ocrx_word' id='word_1_6' title='bbox 508 1048 780 1114; x_wconf 80' lang='lat' dir='ltr'><strong>CCXXIV.—sn</strong></span> <span class='ocrx_word' id='word_1_7' title='bbox 797 1071 1039 1116; x_wconf 79' lang='lat' dir='ltr'><strong>esnocmssos</strong></span> <span class='ocrx_word' id='word_1_8' title='bbox 1055 1072 1181 1116; x_wconf 78' lang='lat' dir='ltr'><strong>nonno-</strong></span> 
     </span>
     <span class='ocr_line' id='line_1_3' title="bbox 555 1173 886 1219; baseline 0.006 -3"><span class='ocrx_word' id='word_1_9' title='bbox 555 1173 692 1216; x_wconf 77' lang='lat' dir='ltr'><strong>mersis</strong></span> <span class='ocrx_word' id='word_1_10' title='bbox 707 1173 886 1219; x_wconf 77' lang='lat' dir='ltr'><strong>uccuusln.</strong></span> 
     </span>
    </p>
   </div>
   <div class='ocr_carea' id='block_1_3' title="bbox 240 1299 1196 1591">
    <p class='ocr_par' dir='ltr' id='par_1_3' title="bbox 240 1299 1196 1591">
     <span class='ocr_line' id='line_1_4' title="bbox 240 1299 1196 1384; baseline 0.008 -24"><span class='ocrx_word' id='word_1_11' title='bbox 240 1300 284 1361; x_wconf 76' lang='lat' dir='ltr'><strong>G.</strong></span> <span class='ocrx_word' id='word_1_12' title='bbox 300 1299 361 1362; x_wconf 80' lang='lat' dir='ltr'><strong>Dei</strong></span> <span class='ocrx_word' id='word_1_13' title='bbox 378 1301 487 1382; x_wconf 74' lang='lat' dir='ltr'><strong>pratia</strong></span> <span class='ocrx_word' id='word_1_14' title='bbox 506 1302 729 1366; x_wconf 64' lang='lat' dir='ltr'><strong>Mutarim</strong></span> <span class='ocrx_word' id='word_1_15' title='bbox 747 1305 882 1367; x_wconf 72' lang='lat' dir='ltr'><strong>ecetesioe</strong></span> <span class='ocrx_word' id='word_1_16' title='bbox 903 1307 1053 1384; x_wconf 77' lang='lat' dir='ltr'><strong>minister,</strong></span> <span class='ocrx_word' id='word_1_17' title='bbox 1074 1305 1196 1370; x_wconf 78' lang='lat' dir='ltr'><strong>dilectis</strong></span> 
     </span>
     <span class='ocr_line' id='line_1_5' title="bbox 286 1402 1196 1490; baseline 0.008 -24"><span class='ocrx_word' id='word_1_18' title='bbox 286 1402 346 1466; x_wconf 80' lang='lat' dir='ltr'><strong>ribi</strong></span> <span class='ocrx_word' id='word_1_19' title='bbox 360 1403 394 1465; x_wconf 82' lang='lat' dir='ltr'><strong>ia</strong></span> <span class='ocrx_word' id='word_1_20' title='bbox 407 1405 540 1468; x_wconf 75' lang='lat' dir='ltr'><strong>Domino</strong></span> <span class='ocrx_word' id='word_1_21' title='bbox 558 1407 709 1469; x_wconf 76' lang='lat' dir='ltr'><strong>amicerrts</strong></span> <span class='ocrx_word' id='word_1_22' title='bbox 728 1407 861 1488; x_wconf 73' lang='lat' dir='ltr'><strong>ejmdem</strong></span> <span class='ocrx_word' id='word_1_23' title='bbox 881 1409 1015 1471; x_wconf 67' lang='lat' dir='ltr'><strong>accusa</strong></span> <span class='ocrx_word' id='word_1_24' title='bbox 1026 1409 1196 1490; x_wconf 67' lang='lat' dir='ltr'><strong>parochia-</strong></span> 
     </span>
     <span class='ocr_line' id='line_1_6' title="bbox 287 1505 1104 1591; baseline 0.009 -23"><span class='ocrx_word' id='word_1_25' title='bbox 287 1507 336 1568; x_wconf 85' lang='lat' dir='ltr'><strong>m&#39;s</strong></span> <span class='ocrx_word' id='word_1_26' title='bbox 350 1511 381 1568; x_wconf 84' lang='lat' dir='ltr'><strong>et</strong></span> <span class='ocrx_word' id='word_1_27' title='bbox 387 1505 478 1588; x_wconf 79' lang='lat' dir='ltr'><strong>filiis,</strong></span> <span class='ocrx_word' id='word_1_28' title='bbox 493 1508 634 1588; x_wconf 79' lang='lat' dir='ltr'><strong>sulutem,</strong></span> <span class='ocrx_word' id='word_1_29' title='bbox 647 1510 796 1591; x_wconf 79' lang='lat' dir='ltr'><strong>pretium,</strong></span> <span class='ocrx_word' id='word_1_30' title='bbox 812 1516 843 1573; x_wconf 82' lang='lat' dir='ltr'><strong>et</strong></span> <span class='ocrx_word' id='word_1_31' title='bbox 858 1510 1104 1576; x_wconf 64' lang='lat' dir='ltr'><strong>bausiatorem.</strong></span> 
     </span>
    </p>
   </div>
   <div class='ocr_carea' id='block_1_4' title="bbox 193 1656 1197 4092">
    <p class='ocr_par' dir='ltr' id='par_1_4' title="bbox 193 1656 1197 4092">
     <span class='ocr_line' id='line_1_7' title="bbox 287 1656 1195 1740; baseline 0.007 -20"><span class='ocrx_word' id='word_1_32' title='bbox 287 1656 353 1720; x_wconf 83' lang='lat' dir='ltr'><strong>Esr</strong></span> <span class='ocrx_word' id='word_1_33' title='bbox 368 1657 454 1740; x_wconf 91' lang='lat' dir='ltr'><strong>apud</strong></span> <span class='ocrx_word' id='word_1_34' title='bbox 468 1679 528 1723; x_wconf 91' lang='lat' dir='ltr'><strong>nos</strong></span> <span class='ocrx_word' id='word_1_35' title='bbox 542 1659 578 1722; x_wconf 93' lang='lat' dir='ltr'><strong>in</strong></span> <span class='ocrx_word' id='word_1_36' title='bbox 593 1660 724 1724; x_wconf 89' lang='lat' dir='ltr'><strong>castello</strong></span> <span class='ocrx_word' id='word_1_37' title='bbox 739 1659 779 1725; x_wconf 93' lang='lat' dir='ltr'><strong>de</strong></span> <span class='ocrx_word' id='word_1_38' title='bbox 796 1661 981 1726; x_wconf 83' lang='lat' dir='ltr'><strong>Storteford</strong></span> <span class='ocrx_word' id='word_1_39' title='bbox 998 1662 1089 1726; x_wconf 90' lang='lat' dir='ltr'><strong>locus</strong></span> <span class='ocrx_word' id='word_1_40' title='bbox 1106 1683 1195 1726; x_wconf 87' lang='lat' dir='ltr'><strong>reve-</strong></span> 
     </span>
     <span class='ocr_line' id='line_1_8' title="bbox 242 1759 1196 1840; baseline 0.006 -18"><span class='ocrx_word' id='word_1_41' title='bbox 242 1759 352 1823; x_wconf 83' lang='lat' dir='ltr'><strong>rendae</strong></span> <span class='ocrx_word' id='word_1_42' title='bbox 365 1762 550 1840; x_wconf 78' lang='lat' dir='ltr'><strong>venustatis,</strong></span> <span class='ocrx_word' id='word_1_43' title='bbox 566 1762 655 1827; x_wconf 87' lang='lat' dir='ltr'><strong>locus</strong></span> <span class='ocrx_word' id='word_1_44' title='bbox 674 1763 751 1827; x_wconf 90' lang='lat' dir='ltr'><strong>olim</strong></span> <span class='ocrx_word' id='word_1_45' title='bbox 771 1765 955 1828; x_wconf 85' lang='lat' dir='ltr'><strong>sanctuario</strong></span> <span class='ocrx_word' id='word_1_46' title='bbox 977 1765 1040 1830; x_wconf 92' lang='lat' dir='ltr'><strong>Dei</strong></span> <span class='ocrx_word' id='word_1_47' title='bbox 1062 1772 1095 1830; x_wconf 90' lang='lat' dir='ltr'><strong>et</strong></span> <span class='ocrx_word' id='word_1_48' title='bbox 1118 1765 1196 1829; x_wconf 86' lang='lat' dir='ltr'><strong>divi-</strong></span> 
     </span>
     <span class='ocr_line' id='line_1_9' title="bbox 243 1862 1197 1952; baseline 0.009 -28"><span class='ocrx_word' id='word_1_49' title='bbox 243 1862 294 1925; x_wconf 87' lang='lat' dir='ltr'><strong>nis</strong></span> <span class='ocrx_word' id='word_1_50' title='bbox 310 1862 482 1946; x_wconf 89' lang='lat' dir='ltr'><strong>deputatus</strong></span> <span class='ocrx_word' id='word_1_51' title='bbox 500 1864 669 1948; x_wconf 80' lang='lat' dir='ltr'>obsequiis,</span> <span class='ocrx_word' id='word_1_52' title='bbox 686 1886 782 1948; x_wconf 89' lang='lat' dir='ltr'><strong>quem</strong></span> <span class='ocrx_word' id='word_1_53' title='bbox 804 1867 903 1931; x_wconf 86' lang='lat' dir='ltr'><strong>etiam</strong></span> <span class='ocrx_word' id='word_1_54' title='bbox 925 1889 1014 1932; x_wconf 91' lang='lat' dir='ltr'><strong>nunc</strong></span> <span class='ocrx_word' id='word_1_55' title='bbox 1035 1875 1108 1952; x_wconf 92' lang='lat' dir='ltr'><strong>post</strong></span> <span class='ocrx_word' id='word_1_56' title='bbox 1127 1869 1197 1932; x_wconf 86' lang='lat' dir='ltr'><strong>rui-</strong></span> 
     </span>
     <span class='ocr_line' id='line_1_10' title="bbox 241 1964 1195 2052; baseline 0.008 -24"><span class='ocrx_word' id='word_1_57' title='bbox 241 1985 312 2044; x_wconf 85' lang='lat' dir='ltr'><strong>nas,</strong></span> <span class='ocrx_word' id='word_1_58' title='bbox 328 1964 369 2030; x_wconf 93' lang='lat' dir='ltr'><strong>ob</strong></span> <span class='ocrx_word' id='word_1_59' title='bbox 384 1987 423 2030; x_wconf 90' lang='lat' dir='ltr'><strong>ea</strong></span> <span class='ocrx_word' id='word_1_60' title='bbox 437 1977 509 2050; x_wconf 70' lang='lat' dir='ltr'><strong>quse</strong></span> <span class='ocrx_word' id='word_1_61' title='bbox 522 1966 567 2032; x_wconf 93' lang='lat' dir='ltr'><strong>ibi</strong></span> <span class='ocrx_word' id='word_1_62' title='bbox 583 1966 694 2033; x_wconf 89' lang='lat' dir='ltr'><strong>crebro</strong></span> <span class='ocrx_word' id='word_1_63' title='bbox 709 1969 894 2052; x_wconf 72' lang='lat' dir='ltr'><strong>apparuisse</strong></span> <span class='ocrx_word' id='word_1_64' title='bbox 909 1970 1062 2035; x_wconf 89' lang='lat' dir='ltr'><strong>dicuntur</strong></span> <span class='ocrx_word' id='word_1_65' title='bbox 1076 1971 1195 2036; x_wconf 85' lang='lat' dir='ltr'><strong>sancti-</strong></span> 
     </span>
     <span class='ocr_line' id='line_1_11' title="bbox 244 2068 1194 2155; baseline 0.007 -24"><span class='ocrx_word' id='word_1_66' title='bbox 244 2068 321 2132; x_wconf 86' lang='lat' dir='ltr'><strong>tatis</strong></span> <span class='ocrx_word' id='word_1_67' title='bbox 340 2069 466 2149; x_wconf 88' lang='lat' dir='ltr'><strong>iudicia,</strong></span> <span class='ocrx_word' id='word_1_68' title='bbox 482 2070 584 2135; x_wconf 88' lang='lat' dir='ltr'><strong>fidelis</strong></span> <span class='ocrx_word' id='word_1_69' title='bbox 603 2071 729 2155; x_wconf 89' lang='lat' dir='ltr'><strong>populis</strong></span> <span class='ocrx_word' id='word_1_70' title='bbox 749 2093 825 2136; x_wconf 90' lang='lat' dir='ltr'><strong>cum</strong></span> <span class='ocrx_word' id='word_1_71' title='bbox 843 2073 950 2136; x_wconf 88' lang='lat' dir='ltr'><strong>multa</strong></span> <span class='ocrx_word' id='word_1_72' title='bbox 967 2079 1140 2140; x_wconf 84' lang='lat' dir='ltr'><strong>veneratur</strong></span> <span class='ocrx_word' id='word_1_73' title='bbox 1160 2082 1194 2138; x_wconf 89' lang='lat' dir='ltr'><strong>at</strong></span> 
     </span>
     <span class='ocr_line' id='line_1_12' title="bbox 244 2173 1195 2258; baseline 0.008 -24"><span class='ocrx_word' id='word_1_74' title='bbox 244 2179 407 2238; x_wconf 84' lang='lat' dir='ltr'>reveretur</span> <span class='ocrx_word' id='word_1_75' title='bbox 421 2173 599 2238; x_wconf 84' lang='lat' dir='ltr'><strong>devotione.</strong></span> <span class='ocrx_word' id='word_1_76' title='bbox 644 2174 715 2239; x_wconf 89' lang='lat' dir='ltr'><strong>Nos</strong></span> <span class='ocrx_word' id='word_1_77' title='bbox 734 2174 837 2258; x_wconf 84' lang='lat' dir='ltr'><strong>igitur</strong></span> <span class='ocrx_word' id='word_1_78' title='bbox 856 2175 898 2240; x_wconf 93' lang='lat' dir='ltr'><strong>ob</strong></span> <span class='ocrx_word' id='word_1_79' title='bbox 917 2197 1060 2242; x_wconf 91' lang='lat' dir='ltr'><strong>amorem</strong></span> <span class='ocrx_word' id='word_1_80' title='bbox 1079 2176 1142 2242; x_wconf 91' lang='lat' dir='ltr'><strong>Dei</strong></span> <span class='ocrx_word' id='word_1_81' title='bbox 1161 2184 1195 2242; x_wconf 89' lang='lat' dir='ltr'><strong>et</strong></span> 
     </span>
     <span class='ocr_line' id='line_1_13' title="bbox 245 2274 1195 2362; baseline 0.007 -24"><span class='ocrx_word' id='word_1_82' title='bbox 245 2274 325 2339; x_wconf 85' lang='lat' dir='ltr'><strong>sacri</strong></span> <span class='ocrx_word' id='word_1_83' title='bbox 343 2276 406 2340; x_wconf 90' lang='lat' dir='ltr'><strong>loci</strong></span> <span class='ocrx_word' id='word_1_84' title='bbox 424 2278 646 2356; x_wconf 86' lang='lat' dir='ltr'><strong>reverentiam,</strong></span> <span class='ocrx_word' id='word_1_85' title='bbox 661 2277 698 2341; x_wconf 95' lang='lat' dir='ltr'><strong>in</strong></span> <span class='ocrx_word' id='word_1_86' title='bbox 718 2284 841 2343; x_wconf 89' lang='lat' dir='ltr'><strong>statum</strong></span> <span class='ocrx_word' id='word_1_87' title='bbox 858 2279 1031 2362; x_wconf 89' lang='lat' dir='ltr'><strong>pristinum</strong></span> <span class='ocrx_word' id='word_1_88' title='bbox 1053 2301 1123 2345; x_wconf 87' lang='lat' dir='ltr'><strong>rem</strong></span> <span class='ocrx_word' id='word_1_89' title='bbox 1144 2301 1195 2345; x_wconf 88' lang='lat' dir='ltr'><strong>re-</strong></span> 
     </span>
     <span class='ocr_line' id='line_1_14' title="bbox 244 2377 1193 2466; baseline 0.006 -24"><span class='ocrx_word' id='word_1_90' title='bbox 244 2377 390 2457; x_wconf 81' lang='lat' dir='ltr'><strong>formare,</strong></span> <span class='ocrx_word' id='word_1_91' title='bbox 406 2387 440 2444; x_wconf 88' lang='lat' dir='ltr'><strong>et</strong></span> <span class='ocrx_word' id='word_1_92' title='bbox 456 2379 622 2445; x_wconf 78' lang='lat' dir='ltr'>basilicam</span> <span class='ocrx_word' id='word_1_93' title='bbox 643 2380 764 2445; x_wconf 88' lang='lat' dir='ltr'><strong>ibidem</strong></span> <span class='ocrx_word' id='word_1_94' title='bbox 786 2380 859 2445; x_wconf 90' lang='lat' dir='ltr'><strong>Deo</strong></span> <span class='ocrx_word' id='word_1_95' title='bbox 879 2382 1074 2447; x_wconf 74' lang='lat' dir='ltr'><strong>resedificare</strong></span> <span class='ocrx_word' id='word_1_96' title='bbox 1088 2383 1193 2466; x_wconf 86' lang='lat' dir='ltr'><strong>dispo·</strong></span> 
     </span>
     <span class='ocr_line' id='line_1_15' title="bbox 244 2483 1193 2567; baseline 0.003 -21"><span class='ocrx_word' id='word_1_97' title='bbox 244 2490 369 2561; x_wconf 79' lang='lat' dir='ltr'><strong>nentes,</strong></span> <span class='ocrx_word' id='word_1_98' title='bbox 384 2483 583 2567; x_wconf 89' lang='lat' dir='ltr'><strong>propositum</strong></span> <span class='ocrx_word' id='word_1_99' title='bbox 603 2483 648 2567; x_wconf 92' lang='lat' dir='ltr'><strong>pii</strong></span> <span class='ocrx_word' id='word_1_100' title='bbox 667 2483 785 2548; x_wconf 87' lang='lat' dir='ltr'><strong>laboris</strong></span> <span class='ocrx_word' id='word_1_101' title='bbox 800 2483 927 2548; x_wconf 84' lang='lat' dir='ltr'><strong>caritati</strong></span> <span class='ocrx_word' id='word_1_102' title='bbox 940 2493 1054 2549; x_wconf 71' lang='lat' dir='ltr'><strong>vestrae</strong></span> <span class='ocrx_word' id='word_1_103' title='bbox 1068 2485 1193 2549; x_wconf 91' lang='lat' dir='ltr'><strong>denun-</strong></span> 
     </span>
     <span class='ocr_line' id='line_1_16' title="bbox 241 2585 1194 2671; baseline 0.004 -23"><span class='ocrx_word' id='word_1_104' title='bbox 241 2585 372 2663; x_wconf 85' lang='lat' dir='ltr'><strong>tiamus,</strong></span> <span class='ocrx_word' id='word_1_105' title='bbox 387 2591 537 2669; x_wconf 87' lang='lat' dir='ltr'><strong>optantes</strong></span> <span class='ocrx_word' id='word_1_106' title='bbox 553 2593 592 2650; x_wconf 90' lang='lat' dir='ltr'><strong>ut</strong></span> <span class='ocrx_word' id='word_1_107' title='bbox 612 2593 645 2650; x_wconf 90' lang='lat' dir='ltr'><strong>et</strong></span> <span class='ocrx_word' id='word_1_108' title='bbox 661 2606 717 2650; x_wconf 85' lang='lat' dir='ltr'><strong>vos</strong></span> <span class='ocrx_word' id='word_1_109' title='bbox 736 2585 781 2669; x_wconf 92' lang='lat' dir='ltr'><strong>pii</strong></span> <span class='ocrx_word' id='word_1_110' title='bbox 800 2585 968 2651; x_wconf 85' lang='lat' dir='ltr'><strong>nobiscum</strong></span> <span class='ocrx_word' id='word_1_111' title='bbox 983 2587 1088 2670; x_wconf 86' lang='lat' dir='ltr'><strong>operis</strong></span> <span class='ocrx_word' id='word_1_112' title='bbox 1102 2587 1194 2671; x_wconf 82' lang='lat' dir='ltr'><strong>adju-</strong></span> 
     </span>
     <span class='ocr_line' id='line_1_17' title="bbox 244 2687 1194 2774; baseline 0.004 -24"><span class='ocrx_word' id='word_1_113' title='bbox 244 2695 339 2767; x_wconf 88' lang='lat' dir='ltr'><strong>tores,</strong></span> <span class='ocrx_word' id='word_1_114' title='bbox 354 2687 518 2772; x_wconf 85' lang='lat' dir='ltr'><strong>debitique</strong></span> <span class='ocrx_word' id='word_1_115' title='bbox 532 2688 656 2752; x_wconf 79' lang='lat' dir='ltr'><strong>fructus</strong></span> <span class='ocrx_word' id='word_1_116' title='bbox 672 2692 705 2752; x_wconf 90' lang='lat' dir='ltr'><strong>et</strong></span> <span class='ocrx_word' id='word_1_117' title='bbox 720 2687 828 2771; x_wconf 73' lang='lat' dir='ltr'><strong>dignm</strong></span> <span class='ocrx_word' id='word_1_118' title='bbox 841 2688 997 2752; x_wconf 79' lang='lat' dir='ltr'><strong>mercedis</strong></span> <span class='ocrx_word' id='word_1_119' title='bbox 1012 2688 1108 2753; x_wconf 88' lang='lat' dir='ltr'><strong>simul</strong></span> <span class='ocrx_word' id='word_1_120' title='bbox 1121 2711 1194 2774; x_wconf 86' lang='lat' dir='ltr'><strong>par·</strong></span> 
     </span>
     <span class='ocr_line' id='line_1_18' title="bbox 244 2790 1193 2874; baseline 0.003 -20"><span class='ocrx_word' id='word_1_121' title='bbox 244 2790 356 2874; x_wconf 90' lang='lat' dir='ltr'><strong>ticipes</strong></span> <span class='ocrx_word' id='word_1_122' title='bbox 371 2790 554 2855; x_wconf 88' lang='lat' dir='ltr'><strong>efficiamus.</strong></span> <span class='ocrx_word' id='word_1_123' title='bbox 596 2790 684 2854; x_wconf 87' lang='lat' dir='ltr'><strong>Hinc</strong></span> <span class='ocrx_word' id='word_1_124' title='bbox 698 2796 748 2854; x_wconf 88' lang='lat' dir='ltr'><strong>est</strong></span> <span class='ocrx_word' id='word_1_125' title='bbox 763 2790 849 2873; x_wconf 92' lang='lat' dir='ltr'><strong>quod</strong></span> <span class='ocrx_word' id='word_1_126' title='bbox 862 2797 1001 2855; x_wconf 85' lang='lat' dir='ltr'><strong>vestram</strong></span> <span class='ocrx_word' id='word_1_127' title='bbox 1015 2813 1145 2856; x_wconf 88' lang='lat' dir='ltr'><strong>oramus</strong></span> <span class='ocrx_word' id='word_1_128' title='bbox 1159 2799 1193 2858; x_wconf 90' lang='lat' dir='ltr'><strong>et</strong></span> 
     </span>
     <span class='ocr_line' id='line_1_19' title="bbox 241 2892 1194 2979; baseline 0.003 -22"><span class='ocrx_word' id='word_1_129' title='bbox 241 2893 450 2958; x_wconf 86' lang='lat' dir='ltr'><strong>exhortamur</strong></span> <span class='ocrx_word' id='word_1_130' title='bbox 468 2892 504 2957; x_wconf 89' lang='lat' dir='ltr'><strong>in</strong></span> <span class='ocrx_word' id='word_1_131' title='bbox 524 2893 666 2958; x_wconf 91' lang='lat' dir='ltr'><strong>Domino</strong></span> <span class='ocrx_word' id='word_1_132' title='bbox 681 2892 897 2972; x_wconf 90' lang='lat' dir='ltr'><strong>dilectionem,</strong></span> <span class='ocrx_word' id='word_1_133' title='bbox 914 2894 1077 2977; x_wconf 83' lang='lat' dir='ltr'><strong>quatimur</strong></span> <span class='ocrx_word' id='word_1_134' title='bbox 1096 2895 1194 2979; x_wconf 87' lang='lat' dir='ltr'><strong>pieta·</strong></span> 
     </span>
     <span class='ocr_line' id='line_1_20' title="bbox 244 2996 1192 3082; baseline 0.003 -22"><span class='ocrx_word' id='word_1_135' title='bbox 244 2997 287 3060; x_wconf 86' lang='lat' dir='ltr'><strong>tis</strong></span> <span class='ocrx_word' id='word_1_136' title='bbox 309 2997 431 3062; x_wconf 90' lang='lat' dir='ltr'><strong>intuitu</strong></span> <span class='ocrx_word' id='word_1_137' title='bbox 456 3004 568 3062; x_wconf 89' lang='lat' dir='ltr'><strong>sancto</strong></span> <span class='ocrx_word' id='word_1_138' title='bbox 591 2996 679 3080; x_wconf 88' lang='lat' dir='ltr'><strong>operi</strong></span> <span class='ocrx_word' id='word_1_139' title='bbox 704 2996 780 3062; x_wconf 89' lang='lat' dir='ltr'><strong>huic</strong></span> <span class='ocrx_word' id='word_1_140' title='bbox 804 3017 898 3081; x_wconf 92' lang='lat' dir='ltr'><strong>opem</strong></span> <span class='ocrx_word' id='word_1_141' title='bbox 921 3005 954 3062; x_wconf 89' lang='lat' dir='ltr'><strong>et</strong></span> <span class='ocrx_word' id='word_1_142' title='bbox 979 3019 1108 3082; x_wconf 84' lang='lat' dir='ltr'><strong>operam</strong></span> <span class='ocrx_word' id='word_1_143' title='bbox 1132 2999 1192 3063; x_wconf 92' lang='lat' dir='ltr'><strong>im-</strong></span> 
     </span>
     <span class='ocr_line' id='line_1_21' title="bbox 244 3101 1192 3186; baseline 0 -20"><span class='ocrx_word' id='word_1_144' title='bbox 244 3101 401 3185; x_wconf 89' lang='lat' dir='ltr'><strong>pendatis,</strong></span> <span class='ocrx_word' id='word_1_145' title='bbox 416 3107 450 3166; x_wconf 90' lang='lat' dir='ltr'><strong>et</strong></span> <span class='ocrx_word' id='word_1_146' title='bbox 471 3107 510 3165; x_wconf 90' lang='lat' dir='ltr'><strong>ut</strong></span> <span class='ocrx_word' id='word_1_147' title='bbox 531 3101 573 3164; x_wconf 90' lang='lat' dir='ltr'><strong>ad</strong></span> <span class='ocrx_word' id='word_1_148' title='bbox 594 3101 868 3184; x_wconf 88' lang='lat' dir='ltr'><strong>complementum</strong></span> <span class='ocrx_word' id='word_1_149' title='bbox 890 3101 1028 3185; x_wconf 81' lang='lat' dir='ltr'><strong>incaepta</strong></span> <span class='ocrx_word' id='word_1_150' title='bbox 1048 3103 1192 3186; x_wconf 89' lang='lat' dir='ltr'><strong>perveni·</strong></span> 
     </span>
     <span class='ocr_line' id='line_1_22' title="bbox 244 3203 1192 3288; baseline 0 -19"><span class='ocrx_word' id='word_1_151' title='bbox 244 3211 311 3284; x_wconf 84' lang='lat' dir='ltr'><strong>ant,</strong></span> <span class='ocrx_word' id='word_1_152' title='bbox 327 3205 368 3269; x_wconf 90' lang='lat' dir='ltr'><strong>nd</strong></span> <span class='ocrx_word' id='word_1_153' title='bbox 386 3203 597 3288; x_wconf 86' lang='lat' dir='ltr'><strong>reparandam</strong></span> <span class='ocrx_word' id='word_1_154' title='bbox 613 3204 746 3269; x_wconf 91' lang='lat' dir='ltr'><strong>domum</strong></span> <span class='ocrx_word' id='word_1_155' title='bbox 765 3203 900 3269; x_wconf 91' lang='lat' dir='ltr'><strong>Domini</strong></span> <span class='ocrx_word' id='word_1_156' title='bbox 920 3205 975 3288; x_wconf 88' lang='lat' dir='ltr'><strong>qui</strong></span> <span class='ocrx_word' id='word_1_157' title='bbox 994 3205 1103 3269; x_wconf 90' lang='lat' dir='ltr'><strong>omnia</strong></span> <span class='ocrx_word' id='word_1_158' title='bbox 1117 3226 1192 3270; x_wconf 88' lang='lat' dir='ltr'><strong>con-</strong></span> 
     </span>
     <span class='ocr_line' id='line_1_23' title="bbox 244 3307 1194 3390; baseline 0 -18"><span class='ocrx_word' id='word_1_159' title='bbox 244 3309 332 3386; x_wconf 81' lang='lat' dir='ltr'><strong>tulit,</strong></span> <span class='ocrx_word' id='word_1_160' title='bbox 352 3307 458 3390; x_wconf 83' lang='lat' dir='ltr'><strong>aliqua</strong></span> <span class='ocrx_word' id='word_1_161' title='bbox 478 3307 519 3371; x_wconf 89' lang='lat' dir='ltr'><strong>de</strong></span> <span class='ocrx_word' id='word_1_162' title='bbox 540 3307 634 3373; x_wconf 92' lang='lat' dir='ltr'><strong>bonis</strong></span> <span class='ocrx_word' id='word_1_163' title='bbox 655 3307 769 3372; x_wconf 82' lang='lat' dir='ltr'><strong>vestris</strong></span> <span class='ocrx_word' id='word_1_164' title='bbox 791 3307 972 3386; x_wconf 82' lang='lat' dir='ltr'><strong>conferatis,</strong></span> <span class='ocrx_word' id='word_1_165' title='bbox 994 3308 1122 3372; x_wconf 87' lang='lat' dir='ltr'><strong>scituris</strong></span> <span class='ocrx_word' id='word_1_166' title='bbox 1143 3308 1194 3372; x_wconf 91' lang='lat' dir='ltr'><strong>his</strong></span> 
     </span>
     <span class='ocr_line' id='line_1_24' title="bbox 193 3409 1192 3494; baseline -0.002 -19"><span class='ocrx_word' id='word_1_167' title='bbox 193 3453 195 3457; x_wconf 80' lang='lat'><em>.</em></span> <span class='ocrx_word' id='word_1_168' title='bbox 240 3411 301 3494; x_wconf 86' lang='lat' dir='ltr'><strong>qui</strong></span> <span class='ocrx_word' id='word_1_169' title='bbox 321 3410 439 3474; x_wconf 89' lang='lat' dir='ltr'><strong>nostris</strong></span> <span class='ocrx_word' id='word_1_170' title='bbox 460 3409 496 3474; x_wconf 90' lang='lat' dir='ltr'><strong>in</strong></span> <span class='ocrx_word' id='word_1_171' title='bbox 517 3410 579 3474; x_wconf 91' lang='lat' dir='ltr'><strong>hoc</strong></span> <span class='ocrx_word' id='word_1_172' title='bbox 600 3410 732 3474; x_wconf 88' lang='lat' dir='ltr'><strong>monitis</strong></span> <span class='ocrx_word' id='word_1_173' title='bbox 754 3410 975 3493; x_wconf 88' lang='lat' dir='ltr'><strong>adquiescunt,</strong></span> <span class='ocrx_word' id='word_1_174' title='bbox 991 3409 1077 3494; x_wconf 90' lang='lat' dir='ltr'><strong>quod</strong></span> <span class='ocrx_word' id='word_1_175' title='bbox 1097 3410 1192 3474; x_wconf 91' lang='lat' dir='ltr'><strong>orati·</strong></span> 
     </span>
     <span class='ocr_line' id='line_1_25' title="bbox 242 3511 1192 3590; baseline -0.003 -11"><span class='ocrx_word' id='word_1_176' title='bbox 242 3533 343 3579; x_wconf 88' lang='lat' dir='ltr'><strong>onum</strong></span> <span class='ocrx_word' id='word_1_177' title='bbox 358 3521 392 3576; x_wconf 88' lang='lat' dir='ltr'><strong>et</strong></span> <span class='ocrx_word' id='word_1_178' title='bbox 405 3511 635 3578; x_wconf 88' lang='lat' dir='ltr'><strong>beneficiorum</strong></span> <span class='ocrx_word' id='word_1_179' title='bbox 650 3519 770 3578; x_wconf 86' lang='lat' dir='ltr'><strong>sanctae</strong></span> <span class='ocrx_word' id='word_1_180' title='bbox 785 3511 1021 3577; x_wconf 78' lang='lat' dir='ltr'><strong>londoniensis</strong></span> <span class='ocrx_word' id='word_1_181' title='bbox 1042 3511 1192 3590; x_wconf 87' lang='lat' dir='ltr'><strong>ecelesiae,</strong></span> 
     </span>
     <span class='ocr_line' id='line_1_26' title="bbox 245 3615 1194 3700; baseline 0 -20"><span class='ocrx_word' id='word_1_182' title='bbox 245 3637 297 3681; x_wconf 90' lang='lat' dir='ltr'><strong>eos</strong></span> <span class='ocrx_word' id='word_1_183' title='bbox 320 3616 499 3699; x_wconf 86' lang='lat' dir='ltr'><strong>specialiter</strong></span> <span class='ocrx_word' id='word_1_184' title='bbox 520 3615 749 3681; x_wconf 87' lang='lat' dir='ltr'><strong>constituimus</strong></span> <span class='ocrx_word' id='word_1_185' title='bbox 771 3637 840 3681; x_wconf 87' lang='lat' dir='ltr'><strong>esse</strong></span> <span class='ocrx_word' id='word_1_186' title='bbox 861 3615 1041 3700; x_wconf 79' lang='lat' dir='ltr'><strong>participes.</strong></span> <span class='ocrx_word' id='word_1_187' title='bbox 1086 3615 1194 3680; x_wconf 80' lang='lat' dir='ltr'><strong>Poeni·-</strong></span> 
     </span>
     <span class='ocr_line' id='line_1_27' title="bbox 244 3717 1195 3804; baseline 0.003 -22"><span class='ocrx_word' id='word_1_188' title='bbox 244 3717 388 3782; x_wconf 88' lang='lat' dir='ltr'><strong>tentibus</strong></span> <span class='ocrx_word' id='word_1_189' title='bbox 403 3725 513 3782; x_wconf 90' lang='lat' dir='ltr'><strong>autem</strong></span> <span class='ocrx_word' id='word_1_190' title='bbox 527 3724 560 3782; x_wconf 88' lang='lat' dir='ltr'><strong>et</strong></span> <span class='ocrx_word' id='word_1_191' title='bbox 574 3726 707 3802; x_wconf 89' lang='lat' dir='ltr'><strong>peccata</strong></span> <span class='ocrx_word' id='word_1_192' title='bbox 726 3719 889 3797; x_wconf 82' lang='lat' dir='ltr'><strong>confessis,</strong></span> <span class='ocrx_word' id='word_1_193' title='bbox 905 3719 961 3803; x_wconf 92' lang='lat' dir='ltr'><strong>qui</strong></span> <span class='ocrx_word' id='word_1_194' title='bbox 980 3719 1016 3783; x_wconf 92' lang='lat' dir='ltr'><strong>in</strong></span> <span class='ocrx_word' id='word_1_195' title='bbox 1035 3740 1115 3804; x_wconf 93' lang='lat' dir='ltr'><strong>opus</strong></span> <span class='ocrx_word' id='word_1_196' title='bbox 1133 3720 1195 3785; x_wconf 89' lang='lat' dir='ltr'><strong>hoc</strong></span> 
     </span>
     <span class='ocr_line' id='line_1_28' title="bbox 244 3820 1194 3906; baseline 0.004 -22"><span class='ocrx_word' id='word_1_197' title='bbox 244 3820 286 3884; x_wconf 87' lang='lat' dir='ltr'><strong>ud</strong></span> <span class='ocrx_word' id='word_1_198' title='bbox 307 3821 463 3885; x_wconf 85' lang='lat' dir='ltr'><strong>honorem</strong></span> <span class='ocrx_word' id='word_1_199' title='bbox 489 3821 552 3886; x_wconf 90' lang='lat' dir='ltr'><strong>Dei</strong></span> <span class='ocrx_word' id='word_1_200' title='bbox 574 3821 695 3906; x_wconf 89' lang='lat' dir='ltr'><strong>aliquid</strong></span> <span class='ocrx_word' id='word_1_201' title='bbox 720 3821 885 3886; x_wconf 77' lang='lat' dir='ltr'><strong>caritative</strong></span> <span class='ocrx_word' id='word_1_202' title='bbox 907 3821 1131 3906; x_wconf 86' lang='lat' dir='ltr'><strong>impertierint,</strong></span> <span class='ocrx_word' id='word_1_203' title='bbox 1154 3822 1194 3888; x_wconf 87' lang='lat' dir='ltr'><strong>de</strong></span> 
     </span>
     <span class='ocr_line' id='line_1_29' title="bbox 244 3922 1195 4008; baseline 0.003 -21"><span class='ocrx_word' id='word_1_204' title='bbox 244 3923 391 4008; x_wconf 86' lang='lat' dir='ltr'><strong>injuncta</strong></span> <span class='ocrx_word' id='word_1_205' title='bbox 410 3922 471 3987; x_wconf 90' lang='lat' dir='ltr'><strong>sibi</strong></span> <span class='ocrx_word' id='word_1_206' title='bbox 491 3922 708 3989; x_wconf 74' lang='lat' dir='ltr'><strong>satisfactione</strong></span> <span class='ocrx_word' id='word_1_207' title='bbox 728 3924 976 3990; x_wconf 86' lang='lat' dir='ltr'><strong>misericorditer</strong></span> <span class='ocrx_word' id='word_1_208' title='bbox 995 3925 1108 4007; x_wconf 81' lang='lat' dir='ltr'><strong>viginti</strong></span> <span class='ocrx_word' id='word_1_209' title='bbox 1127 3924 1195 3990; x_wconf 83' lang='lat' dir='ltr'><strong>dies</strong></span> 
     </span>
     <span class='ocr_line' id='line_1_30' title="bbox 244 4026 433 4092; baseline 0.011 -2"><span class='ocrx_word' id='word_1_210' title='bbox 244 4026 433 4092; x_wconf 84' lang='lat' dir='ltr'><strong>relaxamus.</strong></span> 
     </span>
    </p>
   </div>
   <div class='ocr_carea' id='block_1_5' title="bbox 0 0 1620 5192">
    <p class='ocr_par' dir='ltr' id='par_1_5' title="bbox 0 0 1620 5192">
     <span class='ocr_line' id='line_1_31' title="bbox 0 0 1620 5192; baseline 0 0"><span class='ocrx_word' id='word_1_211' title='bbox 0 0 1620 5192; x_wconf 95' lang='lat' dir='ltr'><strong> </strong></span> 
     </span>
    </p>
   </div>
  </div>
 </body>
</html>
