3225 5192
304 702 587 785 r.1›.1161-89.]
638 722 1078 767 nonnonrnnsrsarrsronrs.
1190 707 1252 767 211

304 838 519 903 Norwioanais
534 837 682 921 episcopi,
698 838 849 920 praeclara
869 838 911 903 ab
930 839 1064 904 ineunte
1086 848 1182 907 aetatc
1203 866 1255 907 us-

304 961 365 1025 qua
379 941 415 1003 in
430 948 631 1005 senectutem
649 939 768 1005 bonam
784 941 874 1005 adid
890 942 1021 1025 plenum
1037 945 1172 1028 exigunt
1189 968 1256 1010 me-

303 1044 374 1123 rita,
397 1053 436 1108 nt
459 1066 539 1128 quos
563 1044 701 1108 delectat
725 1046 876 1109 honestas
897 1046 981 1125 vitae,
1004 1046 1122 1131 quibus
1144 1049 1257 1132 religio

304 1148 393 1213 cordi
412 1154 461 1212 est
479 1147 587 1230 ipsum
608 1146 705 1231 digne
725 1147 961 1226 commendare,
980 1156 1013 1212 et
1033 1150 1120 1234 apud
1139 1153 1256 1215 sancti-

303 1257 406 1314 tatem
433 1254 570 1315 vestm
596 1271 671 1314 cum
697 1250 897 1333 supplicante
923 1250 1062 1316 debeant
1088 1254 1257 1319 affcctione

304 1352 542 1436 promptissima
570 1353 758 1439 supplicare.
809 1353 936 1417 Notum
962 1354 1080 1438 quippe
1105 1358 1182 1419 satis
1207 1365 1258 1421 est

304 1455 408 1538 ipsum
439 1454 480 1520 ab
508 1455 587 1539 ipsis
615 1456 683 1519 fers
708 1454 877 1519 cunabulis
902 1477 960 1538 per
975 1478 1098 1521 omnes
1123 1466 1256 1523 atatnm

304 1559 422 1641 gradus
435 1558 571 1623 honeste
586 1565 811 1623 conversatum
825 1558 863 1622 in
876 1558 1009 1623 ecclesia
1022 1568 1061 1623 nt
1076 1560 1194 1625 dicitur
1216 1561 1257 1625 ad

304 1668 467 1725 senectam
484 1662 552 1745 jam
572 1681 659 1723 nunc
678 1660 812 1724 uberem
831 1662 1022 1743 pervenisse,
1037 1662 1207 1747 ipsumque
1222 1664 1257 1727 in

304 1764 436 1829 ecclesia
450 1764 502 1828 cui
518 1763 677 1847 proesidet,
694 1770 727 1826 et
742 1762 778 1826 in
793 1762 980 1846 episcopatu
995 1785 1091 1847 quem
1106 1763 1256 1849 disponit,

304 1866 340 1931 in
365 1865 509 1950 publicas
538 1866 619 1929 adeo
648 1865 881 1948 gratulationes
907 1875 1091 1949 susceptum
1116 1889 1195 1949 csse,
1219 1876 1258 1933 ut

305 1969 390 2052 quod
416 1969 477 2033 sibi
502 1967 722 2051 impenderitis
751 1967 881 2031 honoris
911 1974 944 2030 et
974 1969 1094 2051 gratiae,
1124 1970 1160 2033 id
1188 1978 1260 2035 tota

304 2072 403 2155 ipsius
418 2071 558 2137 ecclcsioe
573 2070 741 2154 plenitudo
757 2090 831 2134 cum
847 2090 975 2134 summa
994 2072 1171 2153 gratiarum
1189 2095 1256 2137 sus-

304 2182 436 2258 ceptura
453 2174 496 2239 sit
514 2174 649 2239 actione.
695 2172 779 2236 Cum
799 2171 842 2236 sit
861 2172 970 2256 itaque
989 2174 1090 2258 patris
1109 2175 1144 2239 in
1164 2176 1258 2241 bonis

305 2276 378 2340 liliis
407 2276 569 2355 delectari,
601 2276 782 2359 apostolia·
816 2276 1032 2359 supplicamns
1068 2276 1267 2358 clementia,

306 2381 458 2463 quatinus
474 2380 509 2445 in
524 2379 716 2443 necessitate
737 2379 899 2462 prasenti,
915 2379 956 2443 de
970 2402 1035 2462 qua
1048 2402 1105 2463 per
1121 2381 1258 2446 directos

305 2482 437 2546 nuntios
452 2482 587 2548 recurrit
603 2481 723 2560 advos,
739 2482 849 2546 oculos
862 2481 898 2544 in
913 2482 1019 2564 ipsum
1034 2482 1258 2548 misericordiae

305 2584 459 2661 habeatis,
472 2592 505 2649 et
520 2604 574 2648 eos
589 2583 644 2668 qui
659 2584 721 2649 sibi
735 2584 946 2647 adversantur
960 2584 1071 2667 inique
1085 2586 1259 2668 apostolica

307 2688 475 2753 severitate
494 2687 706 2772 reprimendo,
729 2688 836 2771 ipsum
858 2687 944 2751 diem
967 2707 1062 2750 sunm
1084 2708 1159 2751 cum
1181 2710 1259 2772 pace

305 2790 462 2869 claudere,
487 2799 520 2855 et
544 2812 563 2854 a
586 2790 675 2855 vobis
701 2790 742 2853 ad
765 2797 891 2874 patrem
915 2789 1061 2853 omnium
1084 2811 1260 2874 cumpace

305 2894 410 2957 velitis
431 2894 598 2977 emigrare.
642 2893 798 2978 Alioquin
818 2894 928 2957 laesam
950 2914 984 2956 se
1005 2892 1107 2956 virtus
1130 2893 1259 2957 erubes-

304 3004 365 3075 cet,
386 3006 420 3060 et
438 2997 599 3080 justitiam
621 3018 827 3081 supergressa
847 2995 1002 3080 iniquitas
1023 2997 1060 3060 in
1082 2997 1259 3060 multorum

306 3099 490 3183 praevalebit
512 3101 697 3183 perniciem,
712 3107 746 3164 et
765 3122 837 3183 qnae
858 3121 947 3163 nunc
969 3099 1035 3165 alta
1056 3121 1135 3184 pace
1157 3100 1263 3184 sopita

307 3208 393 3281 sunt,
408 3203 525 3267 borum
540 3205 685 3288 exemplo
700 3203 787 3267 facta
801 3204 942 3268 securior
960 3204 1073 3288 utique
1094 3203 1262 3289 perturba-

307 3304 365 3369 bit.
397 3305 513 3371 Valete
527 3327 592 3371 vos.
689 3310 693 3319 '

450 3607 671 3673 EPIS'I'OLA
693 3606 943 3670 cLV111.-r1›
959 3628 1115 3670 annonas.

308 3758 401 3821 Patri
415 3778 471 3820 suo
486 3764 516 3822 et
531 3758 652 3820 domino
666 3777 782 3819 mammo
790 3756 936 3837 pontifici
950 3759 991 3820 A.
999 3756 1110 3839 srotcr
1127 3758 1165 3822 G.
1180 3758 1262 3822 Ioa-

350 3860 504 3925 dooieasis
518 3862 651 3924 ecclesio
666 3860 907 3939 ministravero
922 3860 1096 3924 dilectionis
1107 3860 1262 3943 affectam,

349 3971 380 4028 ct
394 3964 520 4029 tecuitis
534 3964 711 4028 obedientia
717 3964 917 4044 famulatum.

350 4114 437 4194 Lux,
460 4114 599 4193 domine,
621 4121 694 4197 post
716 4113 867 4178 tenebras
891 4112 1013 4197 gratius
1036 4112 1204 4189 illucescit,
1228 4121 1262 4175 et

308 4228 379 4299 post
401 4218 543 4283 maeroris
566 4218 714 4281 nubilum
736 4216 888 4281 restituta
906 4216 1030 4294 latitia,
1050 4234 1143 4279 mens
1166 4234 1264 4296 quam

307 4318 398 4385 dolor
417 4320 570 4385 afflixerat
586 4320 760 4404 jocundius
782 4318 954 4383 hilarescit.
1002 4318 1055 4380 Sic
1072 4315 1264 4397 Anglicana,

759 4425 812 4483 1²2
