3225 5192
395 654 459 715 208
704 674 864 718 crassari
882 675 1035 720 srrscorr

418 1008 639 1075 EPISTOLA
661 1008 853 1073 clive—sn
869 1029 1025 1089 ausonis,
1041 1030 1121 1074 roar
1136 979 1326 1077 rasarone!

656 1130 783 1174 norum
801 1130 1087 1176 csrvrunmrusls.

394 1262 489 1326 Patri
503 1283 558 1325 sao
573 1268 603 1325 et
618 1262 750 1339 domino,
765 1281 882 1324 eamme
891 1259 1034 1343 poatffici
1044 1264 1086 1327 Α.
1093 1261 1206 1344 freter
1216 1265 1254 1329 G.
1264 1266 1348 1332 toa

439 1366 593 1429 doaimis
612 1365 744 1428 ecclesie
762 1365 913 1443 minister,
934 1364 1069 1429 deditam
1088 1368 1210 1434 omnino
1231 1369 1346 1450 Μῄοσ-

439 1470 533 1533 tionis
547 1474 578 1532 et
592 1466 770 1532 obedientie
775 1466 977 1550 famulatam.

439 1620 492 1685 Aa
511 1625 660 1698 vestram,
683 1624 784 1701 pater,
806 1617 1066 1700 indignationem
1087 1619 1244 1685 exhausta
1264 1622 1346 1686 fleti-

394 1724 466 1804 bus,
482 1729 515 1787 et
535 1742 679 1787 semmaa
693 1720 834 1805 corporis
853 1720 917 1784 mci
934 1720 1061 1805 jamdiu
1074 1722 1176 1787 virtus
1190 1724 1346 1808 elanguit,

396 1834 429 1893 et
455 1825 593 1891 obnoxia
619 1844 752 1907 quaque
777 1823 925 1887 sensibus
949 1823 1061 1888 officiis
1089 1824 1241 1892 indevota
1268 1828 1345 1908 suis,

394 1933 509 1997 innata
535 1928 652 1995 doloris
677 1928 787 1992 intimi
812 1948 904 2012 paeue
932 1927 1010 1992 fecit
1037 1928 1247 1995 immensitas.
1291 1932 1345 1997 Ad

394 2042 533 2099 vestram
563 2032 651 2097 enim
679 2030 878 2095 aversionem
905 2030 1010 2095 fuctus
1034 2031 1120 2095 illico
1145 2054 1218 2097 sum
1243 2034 1346 2118 plebis

395 2136 542 2222 abjectio,
557 2135 644 2199 notis
658 2135 738 2197 meis
753 2132 971 2217 opprobrium,
986 2141 1020 2199 ct
1034 2135 1144 2199 amicis
1158 2136 1256 2220 plenu
1268 2159 1344 2203 con-

392 2240 526 2305 fusionis
548 2238 682 2303 occasio.
727 2237 771 2301 Et
790 2236 854 2300 nisi
872 2238 927 2321 pia
945 2237 1112 2302 clementis
1132 2240 1248 2305 medici
1267 2262 1345 2306 cura

392 2342 577 2427 languentis
596 2340 722 2405 vulneri
740 2338 791 2404 vel
809 2340 846 2403 in
865 2340 992 2405 modico
1013 2333 1202 2426 lanuginem
1221 2343 1343 2408 obdux-

391 2448 479 2526 isset,
494 2446 530 2509 in
548 2444 660 2509 salutis
680 2443 857 2527 desperata
875 2444 1057 2509 cicatricem
1076 2467 1168 2510 mora
1185 2448 1344 2530 profusior

393 2551 500 2615 ulcera
519 2546 671 2633 patientis
686 2545 879 2611 indurasset.
923 2547 1024 2611 Nunc
1037 2556 1147 2613 antem
1162 2558 1255 2633 pater
1267 2572 1343 2616 cum

392 2676 432 2720 ex
445 2654 496 2718 his
511 2674 583 2736 quas
596 2658 732 2735 paterna
751 2651 818 2715 filio
836 2649 972 2714 indulsit
990 2651 1093 2734 pietus
1108 2652 1248 2738 aliquam
1262 2655 1343 2719 mihi

389 2760 485 2823 licoat
503 2776 630 2841 sperare
645 2754 792 2833 salutem,
807 2754 967 2818 reviviscit
986 2755 1115 2837 spiritus
1136 2777 1238 2837 meus,
1253 2759 1342 2823 exul·

388 2870 440 2928 tat
462 2860 579 2937 anima,
595 2864 628 2922 et
647 2878 706 2942 pro
726 2856 976 2921 mansuetudine
996 2857 1171 2942 benignius
1190 2860 1340 2940 exhibita,

390 2965 432 3030 ad
447 2962 623 3047 gratimum
638 2960 779 3025 actiones
793 2980 886 3024 mens
900 2966 971 3024 tota
983 2962 1133 3045 resurgit,
1146 2971 1179 3025 et
1193 2962 1236 3027 ad
1250 2986 1341 3029 sano-

388 3067 492 3132 titatis
506 3073 620 3129 vestrae
634 3062 801 3148 provoluta
815 3062 922 3146 pedes,
937 3063 1015 3128 totis
1029 3064 1207 3148 supplicare
1220 3066 1341 3132 viribus

387 3169 465 3234 totis
489 3166 621 3231 anhelat
646 3185 777 3229 exorare
800 3164 975 3246 desideriis,
998 3173 1038 3231 nt
1062 3174 1135 3249 post
1159 3167 1341 3233 mordentia

388 3270 585 3337 austeritatis
600 3268 683 3347 vina,
699 3268 760 3354 piae
774 3268 918 3333 lenitatis
932 3269 1040 3333 oleum
1055 3268 1135 3333 meis
1148 3269 1341 3336 infundatur

386 3370 558 3449 ulceribus,
573 3377 607 3436 et
621 3379 764 3454 paternae
781 3370 992 3454 correptionis
1012 3370 1166 3453 asperitas
1183 3380 1340 3437 maternae

385 3474 519 3540 tandem
534 3474 618 3538 circa
632 3494 684 3536 me
699 3472 830 3559 pietatis
844 3472 996 3537 uberibus
1011 3472 1197 3555 excipiatur.
1242 3476 1339 3540 Intus

383 3578 451 3663 jam
474 3575 560 3661 apud
581 3582 707 3660 patrem
728 3575 780 3653 sit,
799 3574 855 3658 qni
876 3596 935 3659 pro
956 3574 1023 3638 filio
1044 3575 1151 3658 pulset
1173 3583 1206 3641 et
1228 3585 1339 3643 exoret

385 3680 527 3759 affeetu,
543 3687 582 3745 ut
604 3678 755 3763 punitum
767 3678 836 3762 jam
851 3678 928 3741 satis
943 3677 1124 3761 suscipiatis
1138 3678 1174 3742 iu
1189 3683 1337 3763 gratiam,

382 3790 418 3848 et
437 3790 617 3847 correctum
638 3780 777 3864 graviter
791 3780 905 3845 vestris
925 3780 1078 3845 devotum
1093 3781 1231 3846 firmiter
1244 3783 1337 3849 obse·

385 3886 469 3970 quiis
493 3884 649 3949 habeatis.
694 3883 789 3949 Intra
814 3890 921 3949 casua
944 3891 1128 3949 revocatum
1152 3884 1255 3968 pietas
1280 3908 1336 3971 pa·

384 3994 479 4052 terna
503 3992 697 4071 promoveat,
724 3994 757 4051 et
786 3987 989 4071 praelibatam
1017 3987 1098 4050 mihi
1126 3988 1264 4070 gratiam
1294 3989 1336 4054 ad

382 4090 561 4175 perfectum
586 4111 703 4155 manus
729 4090 904 4176 apostolica
924 4091 1014 4174 justa
1041 4089 1175 4154 tandem
1204 4092 1335 4157 misera·

382 4194 472 4258 tione
501 4193 666 4277 perducat,
692 4214 735 4258 ne
759 4193 794 4256 in
820 4192 911 4257 luctu
937 4198 971 4257 et
995 4193 1122 4257 miseria
1151 4194 1218 4258 dies
1247 4218 1335 4261 meos

382 4296 570 4380 transigere,
593 4302 626 4361 et
649 4317 701 4361 me
723 4295 850 4361 dierum
874 4317 1021 4360 meorum
1043 4295 1237 4379 paucitatem
1263 4320 1334 4381 quse
