3225 5192
348 654 411 717 132
509 728 512 735 Ι
652 672 809 717 ornaanrs
823 672 968 718 nrrscors

346 788 515 873 pecuniam
537 810 646 855 seeum
663 797 830 874 asportans
850 790 957 869 exivit,
971 795 1006 856 et
1024 796 1137 853 tamen
1156 811 1217 854 nee
1231 812 1300 854 mo·

347 892 518 957 naehieum
539 894 689 958 habitum
711 894 893 977 assumpsit,
910 914 972 957 neo
991 894 1032 957 ad
1052 894 1229 958 claustrum
1247 916 1299 957 ea·

347 997 538 1061 nonicorum
555 998 642 1061 unde
663 998 792 1076 exierat,
808 998 933 1063 redivit.
980 998 1046 1063 Sed
1065 1005 1138 1081 post
1162 998 1299 1061 multam

297 1163 303 1178 ,
347 1100 551 1183 vagationem
581 1100 622 1164 ad
650 1122 710 1165 nos
739 1101 877 1180 rediens,
901 1101 995 1184 petiit
1020 1108 1058 1164 ut
1083 1101 1120 1164 in
1148 1100 1301 1184 parocbia

348 1210 467 1279 nostra,
480 1211 513 1267 et
528 1203 563 1265 in
577 1203 641 1267 alia
654 1203 833 1269 hereditate
844 1211 951 1287 posset
966 1202 1027 1266 sub
1038 1202 1180 1266 eremitae
1193 1202 1302 1267 nescio

347 1305 398 1368 vel
426 1306 572 1369 canonici
601 1306 705 1391 speeie
734 1306 890 1385 habitare,
915 1305 1001 1389 quod
1025 1327 1085 1369 nos
1114 1305 1301 1369 nullatenus

347 1408 417 1473 sine
432 1417 537 1473 vestra
554 1410 604 1473 vel
623 1410 722 1493 legati
738 1410 837 1474 vestri
856 1410 1057 1489 anctoritate,
1077 1418 1149 1473 tum
1171 1416 1302 1493 propter

348 1512 417 1595 ejus
431 1512 692 1591 inconstantiam,
707 1520 780 1577 tum
800 1518 931 1597 propter
944 1512 1111 1576 infamiam
1130 1512 1301 1595 pristinam

346 1616 559 1698 permisimus.
621 1615 718 1682 Quod
748 1639 849 1700 quum
881 1616 1100 1696 intellexisset,
1130 1615 1301 1699 pradictus

349 1719 448 1802 Hugo
462 1727 536 1804 post
550 1720 690 1785 multum
710 1720 864 1804 temporis
878 1720 921 1785 ad
933 1741 994 1783 nos
1013 1718 1150 1798 rediens,
1166 1719 1247 1782 dixit
1267 1740 1301 1783 se

346 1822 550 1906 praesentiam
565 1830 705 1887 vestram
718 1822 874 1901 visitasse,
889 1823 963 1886 vitae
982 1844 1049 1886 suae
1067 1821 1183 1886 seriem
1196 1828 1301 1886 totam

347 1932 381 1989 et
396 1925 563 1991 veritatem
577 1926 665 1989 vobis
683 1926 849 2005 revelasse,
866 1932 899 1990 et
920 1925 967 1989 sie
988 1924 1180 1990 auctoritate
1192 1932 1300 1989 vestra

346 2034 422 2092 dum
447 2028 508 2093 hae
531 2027 746 2112 postulatione
770 2035 803 2092 et
827 2030 999 2112 proposito,
1020 2028 1060 2091 ad
1086 2049 1146 2092 nos
1167 2028 1298 2106 redisse,

346 2130 404 2195 sed
417 2131 458 2195 de
472 2131 533 2195 hoc
547 2131 757 2215 proculdubio
772 2132 929 2195 mentitus
944 2131 1043 2195 fuisse
1060 2132 1215 2215 probatus
1236 2140 1296 2211 est,

346 2241 459 2318 utpote
483 2234 539 2319 qui
562 2255 622 2299 nee
644 2234 753 2299 literas
774 2242 896 2299 vestras
926 2234 986 2298 sibi
1011 2240 1110 2328 testes
1130 2235 1300 2299 ostendere

346 2338 462 2423 potuit,
489 2360 549 2403 nee
578 2338 685 2422 aliquo
711 2360 785 2403 vero
808 2340 859 2403 vel
882 2339 949 2402 veri
977 2338 1076 2401 simili
1089 2328 1300 2423 'ar'gsrmentu

347 2442 434 2525 quod
447 2463 503 2506 vos
517 2442 657 2521 vidisset,
674 2442 723 2506 vel
743 2463 807 2525 quo
827 2450 973 2526 tempore
988 2442 1115 2507 dicebat
1128 2443 1297 2520 visitasset,

346 2545 492 2631 probare.
530 2546 677 2611 Convicit
693 2546 780 2610 enim
795 2568 869 2611 eum
886 2546 1016 2630 quidam
1030 2546 1164 2611 clericus
1180 2553 1297 2623 noster,

348 2649 404 2731 qui
427 2670 466 2714 eo
489 2655 643 2733 tempore,
668 2671 732 2733 quo
757 2670 791 2713 se
817 2649 944 2713 dicebat
968 2650 1201 2728 mansitasse,
1225 2670 1300 2712 eum

348 2751 479 2817 domino
495 2752 637 2817 Roberto
651 2753 745 2818 bonae
760 2752 922 2819 memorias
936 2753 1125 2817 cancellario
1139 2759 1244 2817 vestra
1264 2753 1300 2816 in

347 2856 437 2921 cuda
459 2857 655 2921 morabatur.
710 2854 791 2920 Haee
816 2878 919 2940 pauea
944 2856 985 2920 de
1009 2856 1121 2920 multis
1147 2879 1218 2939 quae
1243 2855 1300 2919 ho-

347 2959 472 3025 nestius
491 2961 629 3025 tacenda
643 2960 802 3038 videntur,
819 2959 908 3024 vobis
927 2959 1121 3043 scripsimus,
1136 2981 1179 3023 ne
1196 2959 1301 3024 verbis

347 3064 417 3147 ejus
436 3062 708 3146 persuasibilibus,
730 3061 847 3143 quibus
870 3061 1025 3138 abundat,
1048 3061 1098 3125 vel
1122 3061 1203 3126 falsa
1225 3062 1299 3127 reli·

347 3166 451 3247 gionis
475 3166 579 3248 speeie
598 3185 695 3248 quam
713 3163 895 3246 praetendit,
913 3184 969 3226 vos
990 3162 1137 3246 decipiat.
1182 3164 1300 3229 Valeat

347 3268 502 3331 sanctitas
516 3274 630 3331 vestra.

366 3453 588 3518 EPISTOLA
610 3453 790 3517 CVL-sn
808 3472 993 3517 nasarcnrs
1009 3472 1278 3519 sonusvuoanu

762 3576 890 3622 noenu.

346 3682 451 3764 Refice
477 3682 649 3747 nobilitatis
678 3689 708 3747 et
733 3684 856 3763 indolis,
885 3690 921 3749 at
951 3684 1133 3761 madioimas,
1163 3686 1300 3767 epreps’oe,

391 3787 435 3851 H.
454 3788 575 3851 comitis
595 3789 828 3871 Audepoveass's
844 3787 926 3870 filio,
944 3788 1197 3853 Norraoaaorum
1218 3789 1299 3866 daei,

391 3898 422 3953 et
442 3891 531 3973 nepai
544 3882 717 3974 Adplorum
732 3914 795 3974 pro
817 3914 930 3975 mopao
946 3893 1091 3973 portione
1111 3892 1242 3971 domiuo,
1260 3892 1299 3955 G.

392 3993 457 4056 Dei
468 3996 576 4076 pratia
589 3993 840 4077 Heresordieasis
856 3996 1025 4077 epscopus,
1039 3996 1169 4058 salutem
1186 4000 1217 4057 et
1235 4014 1300 4057 ser-

391 4097 509 4161 vitiam.

391 4216 544 4281 Paucum
564 4215 654 4281 vobis
675 4214 777 4280 literis
798 4237 1002 4280 commonere
1021 4237 1084 4293 me,
1107 4222 1145 4278 ut
1164 4214 1228 4279 cito
1248 4236 1299 4278 ve-

348 4318 453 4385 nirem
472 4318 514 4383 ad
533 4340 597 4398 vos,
612 4319 757 4385 fauturus
774 4319 810 4383 id
829 4320 916 4403 quod
929 4319 966 4383 in
979 4341 1080 4384 manu
1100 4318 1224 4383 domini
1244 4319 1299 4382 ab·
