3225 5192
424 688 489 751 236
738 706 900 749 nussim
918 706 1071 749 nrrscom

422 844 495 887 rum
516 844 676 887 summam
697 844 764 887 snae
783 822 902 889 dioemi
922 824 1095 907 ascriptam
1116 822 1252 887 minime
1270 842 1387 905 reeog-

422 948 569 1004 noseens,
582 927 658 1011 qnia
672 927 779 991 minus
795 948 892 1010 qnam
908 926 948 991 de
963 928 1089 991 ratione
1102 926 1224 1009 scripta
1237 926 1386 1008 exigere·

421 1036 477 1093 tur
490 1029 619 1108 obtulit,
635 1037 743 1095 totum
758 1030 846 1114 quod
859 1030 1022 1094 obtrderat
1035 1030 1216 1093 insolutum
1236 1037 1385 1112 reporta-

378 1143 383 1153 ·
420 1132 488 1197 vit:
511 1132 620 1216 sieque
635 1133 710 1197 lioet
726 1154 810 1217 ssepe
824 1140 858 1197 et
873 1154 957 1217 saepe
971 1132 1198 1211 commonitus,
1214 1132 1386 1215 bucusque

420 1243 533 1300 tamen
552 1236 682 1320 penitus
696 1257 717 1300 a
731 1235 892 1301 solutione
906 1236 1052 1301 eessavit
1098 1236 1293 1299 Universum
1306 1256 1384 1299 vero

421 1362 579 1405 summam
599 1340 757 1424 reliquam
772 1340 931 1405 ducentas
945 1340 1095 1419 videlieet
1112 1338 1221 1417 libras,
1236 1339 1382 1422 exeeptis

421 1464 536 1507 novem
551 1442 640 1507 libris
655 1451 689 1508 et
704 1442 848 1527 quinque
859 1442 979 1521 solidis,
989 1463 1063 1526 qnae
1076 1464 1097 1506 a
1109 1442 1266 1526 predicto
1279 1442 1381 1506 fratre

421 1546 500 1611 solvi
515 1545 694 1611 debuerant
709 1545 833 1612 Abbati
849 1546 962 1611 Sancti
977 1545 1114 1625 Bertini,
1132 1546 1229 1630 juxta
1247 1545 1380 1609 manda·

421 1657 494 1714 tum
518 1658 661 1715 vestrum
687 1672 745 1734 per
770 1650 905 1713 batrem
929 1649 971 1714 ab
994 1649 1065 1733 ipso
1087 1649 1315 1714 transmissum
1338 1649 1381 1713 ed

420 1774 491 1832 nos,
507 1774 564 1837 per
579 1752 742 1837 quendam
757 1752 886 1817 fidelem
903 1759 1052 1816 nostrum
1071 1752 1235 1817 destinare
1255 1753 1379 1816 curari·

330 1908 334 1917 .
420 1878 504 1921 mus.
549 1856 600 1921 De
626 1864 743 1922 oaetero
766 1856 845 1941 quid
870 1876 968 1939 super
993 1855 1055 1919 hae
1079 1856 1228 1939 portione
1255 1856 1380 1939 reliqua

421 1980 495 2045 quse
522 1960 676 2025 solvenda
705 1968 852 2044 superest
881 1959 953 2023 fieri
980 1966 1138 2042 oporteat,
1168 1967 1277 2025 vestra
1303 1982 1379 2024 eum

420 2063 557 2127 voluerit
578 2063 733 2127 mnetitas
753 2062 943 2147 providebit.
987 2062 1059 2126 Nos
1080 2062 1170 2127 enim
1191 2063 1279 2127 intra
1298 2064 1376 2127 fines

417 2166 571 2250 jussionis
600 2172 715 2231 vestris
744 2173 893 2230 nostrum
921 2165 1112 2229 oohibentes
1137 2166 1289 2245 officinm,
1318 2186 1377 2230 nee

420 2268 528 2333 minus
554 2268 743 2333 offerentem
770 2269 993 2334 admittimus:
1019 2290 1081 2333 nec
1105 2270 1228 2334 solvere
1250 2291 1377 2334 bessam

420 2380 487 2438 tem
500 2372 569 2437 ulla
582 2373 746 2438 ooertione
760 2372 904 2437 terimus.
937 2372 1055 2437 Valeat
1070 2373 1226 2438 sanctitas
1239 2380 1354 2438 vestra

544 2696 766 2761 EPISTOLA
789 2696 1071 2762 cmm-m
1090 2716 1246 2759 turben.

420 2849 516 2911 Patri
529 2868 584 2912 suo
600 2855 630 2913 et
645 2850 765 2912 domirw
780 2868 896 2911 mmmo
906 2845 1050 2929 pontifici
1065 2848 1106 2909 A.
1113 2847 1225 2928 frater
1242 2850 1279 2911 G.
1295 2846 1376 2910 Lon

464 2954 620 3017 unionis
634 2954 769 3018 ecclesie
782 2954 925 3016 minister
938 2952 1072 3033 seipsum
1090 2958 1121 3016 et
1140 2953 1169 3015 ri
1184 2952 1262 3034 qnid
1272 2958 1377 3033 potest

464 3057 642 3121 obedientie
657 3064 688 3120 et
702 3058 889 3121 hamilitatis
902 3056 1088 3138 obsequium.

464 3208 517 3271 An
535 3214 686 3287 vestram,
708 3216 810 3292 pater,
833 3206 1032 3272 audientiam
1051 3208 1120 3291 jam
1142 3206 1199 3270 diu
1221 3206 1264 3270 ob
1286 3227 1376 3269 man·

421 3308 497 3374 data
511 3310 612 3393 patris
629 3312 733 3376 nostri
752 3310 887 3376 Domini
901 3310 1147 3375 Cautuariensis
1165 3308 1248 3372 mihi
1266 3330 1375 3391 grava·

420 3433 497 3476 men
526 3434 593 3478 non
622 3414 786 3478 modicum
811 3414 986 3477 inferentia
1013 3412 1179 3496 appellavi,
1202 3418 1237 3476 et
1266 3410 1376 3475 audito

419 3514 601 3596 legatorum
615 3524 795 3580 vestrorum
814 3517 852 3580 in
870 3516 1110 3581 Normanniam
1129 3514 1279 3593 adventu,
1299 3514 1376 3597 ipsis

420 3616 613 3681 festinanter
632 3618 767 3697 occurri,
788 3627 919 3702 paratus
939 3619 976 3683 in
998 3640 1111 3683 eorum
1131 3618 1303 3702 prsesentia
1321 3638 1376 3701 ap-

419 3720 600 3803 pellationis
620 3721 662 3785 ad
681 3740 737 3787 vos
757 3722 852 3788 faotae
871 3743 983 3786 causas
1004 3722 1193 3787 ostendere:
1215 3728 1375 3785 eteorum

421 3823 591 3887 sententia
609 3824 646 3887 iu
666 3824 817 3889 omnibns
832 3824 999 3889 humiliter
1013 3825 1154 3891 obedire.
1199 3823 1328 3889 Quibus
1341 3822 1377 3885 in

420 3944 517 3989 causa
541 3924 602 3988 hac
628 3944 706 3989 suos
732 3926 867 3990 minime
892 3937 1000 4010 partes
1025 3925 1309 4011 interponentibus
1334 3924 1375 3989 ob

420 4028 571 4093 evitanda
592 4028 735 4111 pericula
756 4050 829 4112 qnae
850 4030 1075 4108 imminebant,
1098 4030 1140 4094 ad
1161 4037 1300 4093 vestram
1322 4028 1375 4092 de·

419 4154 486 4197 nuo
506 4132 712 4197 sanctitatem
732 4134 894 4217 appellere
912 4134 1017 4197 multa
1036 4133 1248 4217 proculdubio
1268 4153 1375 4196 neees-

420 4236 515 4301 sitate
530 4236 712 4320 oompnlsus
727 4258 810 4302 sum.
857 4237 944 4303 Quia
957 4258 1032 4302 vero
1052 4238 1094 4301 ad
1112 4238 1175 4301 iter
1188 4238 1250 4301 hoc
1265 4236 1374 4319 arripi·

420 4341 541 4427 endum
567 4342 609 4406 nd
632 4362 688 4405 vos
713 4341 828 4405 mein
852 4341 1006 4423 Angliam
1032 4361 1175 4405 remeare
1204 4348 1238 4404 et
1266 4338 1375 4404 itineri
