3225 5192
403 701 447 766 20
610 757 612 762 .
672 717 830 764 emereri
843 716 963 762 rumor
978 716 1122 762 seueris

403 835 503 920 giem,
526 843 559 902 et
585 835 626 901 de
649 835 779 901 interne
802 835 860 899 ille
884 833 1055 900 dulcedine
1079 833 1202 918 eliquid
1227 840 1360 918 gustere

403 938 531 1019 nititur,
550 939 627 1004 licet
648 937 718 1022 ipse
738 937 894 1022 corporali
914 936 1050 1017 eucine,
1070 937 1125 1002 cui
1145 937 1278 1020 elligete
1297 941 1359 1016 est,

402 1040 608 1107 retardetur?
653 1041 777 1126 Corpus
792 1041 880 1106 enim
897 1041 985 1126 quod
1003 1041 1229 1125 corrumpitur,
1244 1060 1361 1124 eggre-

403 1151 457 1210 vet
473 1145 625 1225 animem,
640 1152 674 1210 et
690 1144 841 1231 deprimit
854 1151 985 1210 terrene
1000 1145 1036 1210 in
1053 1144 1213 1210 hsbitetio
1226 1165 1360 1210 sensum

404 1247 509 1314 multe
523 1249 730 1332 cogitantem.
777 1247 858 1313 Huc
872 1248 953 1312 mihi
971 1248 1012 1313 de
1031 1247 1082 1312 tui
1100 1248 1226 1313 retione
1244 1268 1360 1312 muue-

402 1351 447 1416 rie
462 1351 505 1418 sd
518 1357 647 1436 tempus
661 1357 847 1431 occurrunt,
857 1372 929 1437 quie
943 1372 1045 1435 quum
1058 1356 1171 1435 opteto
1184 1355 1359 1434 conspectu

403 1455 607 1539 perfruemur
626 1459 660 1520 et
679 1453 829 1538 elloquio,
842 1453 971 1538 plenius
985 1453 1053 1538 ipse
1067 1453 1225 1532 edocebis,
1240 1453 1281 1517 dc
1297 1473 1358 1518 ce·

403 1563 485 1637 tero,
500 1557 528 1622 si
546 1558 652 1642 plecet
672 1556 829 1622 advertes.
873 1554 1042 1620 Mendesti
1054 1554 1137 1620 mihi
1150 1576 1209 1640 per
1221 1555 1272 1619 tui
1284 1575 1357 1618 mu·

400 1661 490 1728 neris
504 1659 640 1725 letorem
654 1659 818 1738 nuntium,
832 1678 877 1722 ue
889 1664 1058 1742 torquerer
1070 1657 1199 1736 invidie,
1210 1679 1253 1722 ne
1267 1657 1356 1722 tebe-

404 1762 523 1828 sceudo
547 1763 725 1840 deficerem,
749 1783 791 1826 ue
821 1761 862 1825 de
886 1781 1036 1827 concesse
1062 1761 1124 1826 tibi
1146 1761 1299 1826 felicitete
1323 1766 1357 1826 et

403 1864 496 1949 copie
514 1864 632 1930 telium
649 1869 683 1928 et
701 1868 869 1928 tentorum
881 1863 1028 1948 piscium,
1043 1863 1134 1927 mide
1146 1883 1220 1928 mee
1233 1863 1359 1928 siccites

404 1975 588 2052 augeretur.
632 1965 742 2032 Verbo
761 1987 874 2030 mones
893 1987 936 2030 ue
955 1965 1126 2046 invideem,
1141 1966 1199 2031 sed
1211 1967 1298 2031 fecto
1315 1964 1357 2031 ed

404 2070 557 2135 iuvidiem
576 2069 688 2134 truhis.
733 2069 823 2136 Quid
841 2070 960 2134 mirum
981 2070 1009 2134 si
1027 2089 1206 2135 mercescer
1224 2068 1355 2149 invidie,
1459 2125 1463 2135 .

403 2173 457 2238 cui
471 2173 567 2237 vicini
581 2171 703 2237 diutius
722 2178 856 2236 extense
873 2172 939 2236 lete
958 2172 1104 2255 potentie
1123 2172 1231 2256 stegui
1245 2173 1356 2256 jecen-

402 2277 446 2342 tis
469 2276 659 2360 opusculum
683 2275 870 2340 interdicit?
924 2275 1084 2340 Invidiem
1108 2277 1205 2362 jubes
1233 2277 1357 2357 tollere,

401 2379 540 2445 faciendi
566 2379 673 2463 stagni
696 2398 847 2442 concesse
870 2377 1011 2456 liceutie,
1034 2378 1121 2443 huuc
1142 2379 1211 2462 ipse
1233 2379 1355 2462 poteris

403 2483 571 2568 extirpare.
615 2479 883 2565 Experimentum
899 2478 961 2544 crit
980 2479 1076 2544 emici
1094 2501 1162 2546 uon
1180 2481 1355 2561 modicum,

402 2587 460 2652 sed
479 2586 536 2651 diu
554 2585 698 2670 torqueri
711 2605 779 2650 uon
793 2583 985 2667 permiseris,
1000 2585 1092 2670 cujus
1106 2604 1201 2669 opem
1214 2583 1321 2649 morbi
1335 2607 1357 2650 e

401 2697 436 2756 te
450 2690 631 2776 dependere
645 2687 821 2773 cognoscis.
845 2686 982 2753 -Velete

467 2995 689 3062 EPISTOLA
709 2995 844 3061 X.-su
860 3015 893 3059 u.
910 3013 1065 3059 reroesrr
1080 3013 1122 3057 rr
1137 3012 1286 3056 resuere

766 3113 989 3159 ueuvreurn.

402 3249 533 3312 Domino
547 3249 587 3312 R.
603 3247 712 3310 Pn'me·
730 3251 761 3308 et
774 3245 945 3329 fratribus,
963 3247 1018 3327 pei
1036 3264 1105 3309 cem
1123 3265 1159 3308 eo
1177 3252 1249 3309 suut
1268 3245 1354 3308 Mal·

445 3351 568 3429 venie,
594 3350 633 3414 G.
663 3349 796 3412 ecclesie
822 3347 905 3412 beati
929 3349 1020 3412 Petri
1046 3348 1226 3413 Glocestn'oe
1255 3349 1358 3413 dictus

446 3455 551 3533 ellus,
566 3453 735 3517 amelium
751 3471 784 3516 ee
798 3471 860 3514 noe
868 3452 995 3532 penite
1009 3451 1157 3515 oblivisci.

446 3608 616 3674 Courrsus
638 3601 678 3670 de
699 3603 934 3684 benevolentie,
955 3626 1024 3671 uon
1046 3627 1143 3688 quem
1164 3625 1356 3685 metuerem,

402 3710 460 3776 sed
492 3731 589 3794 quem
625 3707 792 3794 sperebem
829 3707 871 3772 de
898 3706 997 3787 vobis,
1029 3707 1192 3791 quendem
1224 3707 1355 3792 propin·

402 3833 504 3899 quum
530 3819 563 3878 et
586 3811 779 3878 iemiliurem
802 3817 951 3876 nostrum
973 3809 1075 3876 direxi
1096 3809 1138 3876 ed
1158 3831 1224 3890 vos,
1246 3831 1356 3894 preces

401 3937 477 3982 cum
491 3916 675 3981 humilitate
689 3914 867 3999 porrigens,
878 3922 916 3979 ut
928 3914 1015 3998 quod
1028 3915 1065 3979 iu
1079 3914 1212 3980 ecclesie
1226 3914 1267 3979 de
1279 3915 1357 3978 Est·

399 4020 487 4085 lethe
503 4017 682 4096 habebetis,
698 4018 729 4083 ei
743 4018 784 4083 de
798 4017 888 4084 vobis
901 4017 1089 4083 habendum
1102 4018 1261 4085 benevole
1274 4017 1355 4082 ceri-

398 4127 469 4188 tete
483 4119 711 4201 concederetis,
725 4121 813 4186 fecte
825 4127 938 4186 temen
951 4141 1048 4203 super
1062 4128 1263 4186 recrementa
1276 4109 1374 4186 fide-1
1393 4122 1411 4154 '

399 4226 491 4290 litate
513 4245 581 4290 nou
603 4222 774 4288 freudeudi
792 4243 848 4289 vos
870 4221 910 4288 eb
933 4244 972 4288 eo
993 4221 1161 4288 commodo
1182 4245 1250 4289 nou
1270 4223 1357 4307 quod

398 4328 496 4396 modo
509 4326 690 4408 habebetis,
702 4325 759 4394 sed
774 4325 860 4412 quod
875 4324 916 4391 de
929 4325 1064 4392 ecclesie
1077 4325 1148 4411 ipse
1161 4326 1197 4390 in
1210 4334 1358 4412 tempore
