3225 5192
360 606 383 713 ⁶,
401 630 462 691 160
716 644 873 689 omsnnm
888 644 1033 689 smsoom

442 982 664 1049 EPISTOLA
686 980 918 1046 OXXIL-sn
934 1000 1127 1047 omvsssos
1139 1004 1166 1047 s.
1184 1003 1311 1046 nensis

724 1104 893 1151 occissis
909 1104 1030 1148 nimos.

401 1215 533 1305 mucio
546 1240 607 1304 ste
617 1240 651 1302 u
661 1238 794 1301 Domino
805 1239 957 1303 moesi
970 1244 1085 1301 sanctu
1095 1239 1207 1301 muru
1220 1239 1354 1301 accuse

437 1343 527 1425 filiis,
542 1340 652 1424 frater
668 1342 706 1405 G.
723 1340 973 1423 Heresordiemis
994 1343 1128 1405 ecclesie
1146 1342 1297 1418 mimier,
1318 1344 1353 1403 io

447 1448 571 1510 Christo
586 1446 778 1509 dilectionem
792 1449 823 1507 et
836 1445 967 1508 solonem
975 1450 1167 1526 perpetuam.

445 1600 623 1664 Consnusu
645 1597 908 1661 contrahentium
927 1597 1010 1662 inita
1028 1604 1123 1686 poeta
1142 1597 1257 1661 stabile
1273 1604 1352 1661 tuno

402 1702 534 1767 demum
557 1701 657 1765 robur
677 1699 849 1795 occipiunt,
868 1722 969 1783 quum
991 1722 1104 1770 eorum
1126 1722 1265 1785 quorum
1283 1700 1352 1764 haee

401 1808 529 1869 firmare
555 1811 660 1889 potest
686 1803 859 1868 auotoritas
885 1804 1090 1888 excipiuntur
1112 1804 1215 1868 literis
1240 1812 1273 1868 et
1299 1804 1351 1867 fir-

402 1915 534 1973 mentur
553 1907 675 1991 sigiliis.
720 1907 803 1971 Inde
824 1907 989 1991 estquod
1005 1908 1253 1971 conventionem
1267 1907 1353 1971 inter

401 2011 620 2075 Herebertum
640 2011 833 2075 canonicum
852 2020 1011 2089 nostrum,
1030 2018 1064 2075 et
1078 2011 1280 2075 Willelmum
1300 2031 1352 2073 os·

400 2114 564 2200 pellanum
585 2113 707 2179 domini
730 2114 767 2177 Τ.
785 2115 1027 2179 cantuariensis
1044 2114 1281 2198 archiepiscopi,
1295 2114 1352 2177 hu·

402 2219 504 2284 bitem
519 2238 614 2300 super
628 2215 761 2281 eoolesis
775 2217 816 2281 de
833 2217 1044 2301 Hinteberge,
1056 2218 1175 2301 scripto
1190 2238 1353 2281 oommen-

403 2310 926 2409 deresurovimus,utinhooquod
935 2322 1084 2408 intereos
1093 2319 1354 2406 interpositsfide

403 2423 666 2507 compromissum
681 2430 740 2502 est,
756 2422 934 2506 obligatum
949 2432 1125 2515 utmmque
1143 2420 1236 2488 elteri
1254 2422 1354 2489 etism

268 2546 274 2562 ·
403 2528 521 2610 scripto
542 2548 611 2591 rem
632 2534 756 2610 gestam
773 2527 912 2608 fideliter
925 2528 1160 2611 interpretante
1174 2537 1352 2591 teneamus.

405 2628 604 2723 Herebertus
629 2629 660 2693 ei
682 2629 718 2691 in
744 2629 905 2712 quendum
932 2616 1069 2721 partein·
1082 2622 1263 2714 prebendis
1287 2650 1354 2693 suoe

404 2733 580 2811 ecclesium,
596 2732 716 2796 seilicet
735 2733 776 2796 de
797 2733 1010 2815 Hintebergn,
1025 2756 1101 2798 oum
1115 2734 1237 2817 capello
1251 2732 1355 2797 sancti

405 2836 572 2900 Laurentii
587 2842 620 2899 et
635 2836 705 2899 eliis
721 2835 871 2899 omnibus
890 2836 933 2900 od
949 2836 1087 2905 eundem
1101 2837 1268 2901 eeclesiam
1282 2857 1354 2920 per·

403 2938 593 3018 tinentibus,
614 2939 683 3021 jum
708 2938 794 3003 dicto
818 2940 982 3005 Willelmo
1003 2941 1040 3004 in
1062 2947 1219 3024 perpetue
1238 2940 1355 3003 vieoris

404 3049 437 3106 et
463 3044 675 3127 eleemosyna,
702 3063 813 3107 annuo
837 3043 974 3126 triginta
998 3043 1174 3108 solidorum
1198 3044 1354 3127 pensione

402 3145 577 3233 tenendum
591 3144 838 3229 habendamque
852 3147 1020 3235 ponoessit,
1036 3153 1069 3211 et
1088 3169 1164 3211 eum
1185 3146 1221 3211 in
1243 3155 1354 3210 nostro

403 3255 436 3311 et
462 3247 594 3331 capituli
618 3248 721 3311 nostri
746 3248 917 3331 presentia
940 3249 1112 3315 investivit.
1170 3250 1257 3316 Quia
1278 3270 1354 3313 vero

394 3350 557 3424 ,eenonioo
577 3350 618 3415 de
638 3352 811 3435 prebende
824 3374 884 3417 sue
896 3354 984 3418 ultro
998 3354 1084 3418 diem
1097 3354 1273 3418 functionis
1287 3372 1355 3418 sun

404 3453 572 3537 disponere
601 3453 641 3518 de
667 3455 741 3539 juro
771 3477 839 3519 non
868 3456 954 3536 licet,
978 3478 1039 3539 ego
1068 3465 1102 3521 et
1126 3463 1196 3522 tots
1221 3456 1355 3541 ospituli

403 3558 505 3622 nostn'
527 3557 694 3641 plenitudo
716 3560 929 3625 conventione
949 3562 1086 3625 eandem
1104 3561 1140 3625 in
1162 3569 1267 3625 totsm
1284 3562 1353 3644 jam

403 3659 482 3725 dicti
496 3661 651 3725 willelmi
668 3662 767 3727 vitam
787 3662 1002 3743 extendimus,
1026 3664 1088 3729 hoc
1108 3664 1257 3729 unanimi
1277 3685 1353 3727 eon-

403 3785 499 3830 sensu
528 3764 741 3829 concedentes
771 3773 803 3830 et
834 3774 1025 3845 statuentes,
1051 3773 1089 3830 ut
1118 3768 1144 3830 si
1170 3766 1354 3830 Willelmus

404 3868 585 3934 Hereberto
611 3874 770 3951 superstes
797 3870 949 3949 extiterit,
974 3870 1004 3933 ei
1030 3869 1084 3953 qui
1111 3868 1293 3933 Hereberto
1318 3867 1354 3931 in

402 3970 575 4056 praebenda
589 3972 701 4036 eadem
716 3972 815 4037 fuerit
826 3972 1031 4051 substitutus,
1040 3974 1077 4036 in
1087 3972 1224 4037 eandem
1239 3979 1272 4035 et
1286 3993 1355 4035 non

403 4074 598 4158 ampliorem,
622 4076 649 4139 si
674 4076 708 4139 id
732 4076 818 4141 forte
841 4076 986 4154 voluerit,
1007 4098 1169 4140 summum
1193 4081 1353 4154 teneatur,

404 4177 461 4241 sed
480 4178 548 4261 jam
567 4177 686 4243 dietum
701 4179 888 4263 pensionem
909 4178 1070 4254 solvendo,
1085 4186 1198 4243 nostro
1216 4184 1250 4242 et
1269 4178 1354 4261 espi-

405 4281 467 4345 tuli
481 4282 582 4347 nostri
598 4282 799 4362 auctoritate,
816 4282 987 4347 securitate
1001 4282 1189 4367 plenissime
1202 4282 1353 4369 potietur.
