3225 5192
418 653 463 718 4ss
665 672 828 720 illisum
845 673 966 718 sotter
981 673 1127 720 seems

418 787 592 852 illucescet.
636 783 774 852 Habetis
803 787 858 854 cui
885 787 1054 854 humiliter
1079 788 1261 855 obediendo
1285 790 1372 874 quod

418 889 596 974 arripuistis
609 888 673 956 iter
683 890 841 956 sirtmum
852 890 981 958 virtutis
994 892 1194 976 ussequendo
1203 893 1372 978 premium

417 992 555 1076 gloriose
568 991 856 1058 consummabitur.
903 993 969 1059 Sed
985 996 1111 1060 suntin
1126 995 1215 1061 vobis
1229 996 1372 1062 fortassis

418 1093 518 1178 aliqui
542 1117 622 1178 quos
647 1094 683 1160 in
708 1096 890 1180 appetitum
911 1096 962 1162 sui
982 1097 1130 1162 nondum
1154 1099 1250 1183 plena
1270 1099 1372 1164 virtus

418 1197 538 1276 allexit,
552 1199 654 1264 immo
673 1205 750 1264 sunt
769 1206 809 1265 ut
827 1199 930 1266 tristis
950 1201 1057 1280 audio,
1072 1202 1129 1285 qui
1142 1201 1272 1268 virtutis
1290 1223 1372 1287 opus

419 1305 542 1384 quanto
566 1299 756 1366 laboriosius
780 1307 841 1380 est,
866 1307 961 1366 tanto
984 1300 1124 1368 odiosius
1147 1308 1371 1387 uspesnantm.

419 1404 506 1470 Sunt
527 1404 626 1470 etism
648 1405 704 1489 qui
725 1404 766 1470 ab
786 1426 826 1472 eo
845 1427 943 1489 quem
960 1407 998 1470 in
1015 1413 1143 1490 patrem
1159 1407 1315 1490 elegimus
1336 1412 1371 1472 et

417 1507 636 1592 assumpsistis
653 1507 861 1592 impudenter
879 1509 991 1589 aversi
1009 1510 1080 1594 jam
1094 1517 1271 1575 retrorsum
1285 1509 1371 1574 ebic-

417 1616 507 1690 runt,
530 1631 592 1676 nec
612 1611 682 1696 jam
705 1631 817 1676 vocem
841 1611 911 1696 ejus
940 1612 1118 1691 audientes,
1144 1611 1202 1676 sed
1228 1612 1371 1676 alienum

418 1713 527 1778 nescio
542 1734 638 1798 quem
653 1720 833 1796 sequentes,
844 1734 913 1778 non
927 1715 1032 1780 solum
1045 1713 1108 1800 ipsi
1120 1735 1190 1780 non
1202 1714 1369 1794 obediunt,

418 1815 527 1880 sedet
546 1815 653 1899 ipsum
671 1814 813 1895 nefariis,
828 1823 867 1880 ut
885 1815 972 1881 fama
989 1824 1048 1896 est,
1064 1816 1196 1882 ausibus
1209 1816 1370 1882 eradicare

418 1923 453 1982 et
467 1917 653 2000 explantare
666 1916 855 1982 moliuntur.
886 1918 1058 2003 Numquid
1071 1919 1118 1984 sic
1131 1925 1244 1985 nostm
1257 1919 1370 1985 debuit

418 2021 617 2086 remunerari
630 2019 839 2103 benignitas?
869 2020 1041 2105 Numquid
1054 2022 1116 2087 boc
1126 2029 1238 2087 noema
1251 2021 1370 2099 meruit

418 2128 567 2206 promptu
579 2121 669 2187 vobis
683 2122 843 2188 deservire
856 2123 1027 2188 voluntas?
1056 2123 1190 2203 Audite,
1204 2123 1369 2202 miseni,

419 2230 453 2290 et
468 2223 553 2308 quod
568 2245 608 2289 ex
622 2225 756 2291 caritate
770 2225 943 2309 loquimur,
955 2246 1033 2290 aure
1046 2224 1190 2290 caritatis
1203 2225 1370 2292 iuvetite

418 2327 541 2406 limen,
563 2327 661 2392 timeo
685 2345 729 2393 na
757 2327 841 2392 forte
864 2347 919 2392 vos
945 2337 1062 2412 urgeat
1082 2329 1214 2394 veniens
1238 2349 1280 2392 ex
1303 2328 1371 2394 ulto

419 2429 591 2494 sententia.
630 2429 726 2494 Scitis
740 2451 817 2494 vero
831 2428 916 2513 quod
927 2430 1022 2514 juxta
1035 2431 1151 2495 merita
1165 2430 1370 2495 subditorum

419 2531 601 2617 disponitur
630 2539 664 2598 et
691 2533 758 2598 vitu
785 2540 949 2600 rectorum
977 2540 1011 2599 et
1039 2533 1124 2598 sicut
1153 2554 1229 2598 cum
1258 2540 1371 2598 suncto

418 2642 551 2700 unctus
569 2641 620 2700 est
636 2635 805 2716 Dominus,
821 2637 869 2702 ito
882 2636 980 2702 etism
995 2657 1070 2702 cum
1083 2635 1239 2720 perversis
1254 2637 1371 2702 merito

417 2760 584 2824 perversus
601 2740 773 2806 invenitur.
817 2742 919 2807 Bonis
937 2741 1087 2825 equidem
1101 2741 1156 2824 pie
1175 2741 1318 2825 disponit
1336 2747 1371 2806 et

417 2842 474 2926 qni
503 2843 666 2928 suspirant
692 2843 733 2908 ad
757 2843 869 2923 vitam,
902 2843 954 2908 his
982 2851 1107 2927 putrem
1135 2849 1308 2927 prestetum
1336 2849 1371 2908 et

416 2952 579 3029 pastorem
603 2967 670 3031 quo
695 2945 857 3010 ducantur
882 2952 916 3010 et
940 2945 1170 3029 pertrabuntur
1194 2945 1236 3012 sd
1257 2946 1369 3010 vitum.

417 3047 580 3112 Pharaoni
594 3047 789 3132 jamdudum
807 3048 963 3112 Israelita
977 3048 1163 3127 servierunt,
1178 3055 1212 3114 et
1226 3047 1371 3114 civitates

416 3149 465 3214 illi
479 3151 520 3214 de
534 3151 634 3214 latere
649 3157 682 3214 et
696 3149 766 3214 luto
781 3157 1046 3216 constnuxerant:
1069 3151 1125 3216 sed
1140 3173 1179 3216 ex
1194 3172 1259 3234 quo
1272 3151 1370 3235 coepit

416 3253 456 3318 iis
486 3253 621 3316 servitus
650 3251 845 3337 AEgyptieca
875 3253 1051 3336 displicere,
1080 3254 1301 3319 clamaverunt
1327 3253 1370 3318 ud

417 3355 597 3424 Dominum
616 3361 649 3419 et
667 3355 731 3420 iter
748 3355 850 3420 trium
869 3355 994 3421 dierum
1013 3357 1128 3441 Moyse
1143 3355 1283 3420 ducente
1296 3377 1369 3440 pro-

416 3457 494 3524 fecti
505 3464 592 3522 sunt.
607 3457 802 3523 Veientibus
812 3458 855 3523 ad
865 3458 964 3523 vitam
974 3459 1100 3543 ingredi
1109 3459 1225 3524 merito
1235 3479 1370 3543 preesse

417 3561 613 3640 conceditur,
628 3567 760 3644 propter
777 3582 874 3644 quem
890 3567 1000 3645 pateat
1020 3562 1184 3646 ingressus
1203 3561 1245 3628 ad
1259 3561 1369 3626 vitam.

419 3665 538 3730 Secure
566 3664 751 3748 pronuntio,
774 3664 802 3728 si
827 3665 902 3730 filiis
927 3665 1029 3730 Israel
1057 3665 1235 3730 Pharaonis
1263 3665 1369 3730 adhuc

416 3767 611 3852 placuissent
628 3789 735 3853 opere,
751 3788 813 3832 nec
832 3768 1024 3832 clamassent
1041 3767 1083 3831 sd
1102 3768 1292 3845 Dominum,
1307 3788 1370 3834 neo

416 3868 523 3935 adhuc
548 3870 737 3935 sdvatorcm
761 3869 962 3935 habuissent.
1005 3871 1150 3936 iustitie
1173 3871 1288 3954 regula
1309 3877 1369 3951 est,

417 3972 521 4056 utqui
532 3973 639 4056 justus
654 3976 713 4050 est,
725 3972 922 4055 justificetur
932 3971 1048 4052 adbuc,
1059 3971 1161 4055 etqui
1174 3971 1211 4036 in
1220 3970 1369 4037 sordibus

419 4086 469 4145 est
492 4079 652 4146 sordescet
670 4079 786 4144 adbuc.
833 4080 887 4146 Sic
904 4081 961 4164 qui
979 4081 1055 4147 cuci
1078 4088 1262 4146 suntote
1283 4102 1369 4146 ooeoo

420 4182 580 4248 ducantur
602 4183 816 4266 expostulant,
834 4184 996 4250 sententia
1016 4185 1089 4250 omli
1110 4192 1170 4264 est,
1190 4191 1229 4249 ut
1249 4185 1371 4269 puriter

418 4285 454 4352 in
482 4287 607 4352 foveam
635 4285 763 4352 cadent.
817 4286 890 4352 Nec
917 4285 1046 4372 quiden
1074 4287 1137 4352 boc
1165 4286 1302 4354 dicimus
1330 4287 1372 4353 de
