3225 5192
277 680 344 729 nn.
365 662 561 751 ll4ss-ol.]
607 682 1078 731 nnnnronnrsnsrsnrmronn.
1172 669 1229 734 181

277 798 433 883 possideo,
448 798 510 884 ipsi
524 807 635 865 tamen
650 800 876 866 conservandae
893 801 1108 866 necessariam
1126 824 1232 866 meam

279 901 412 968 omnino
437 904 643 989 praesentiam
665 903 824 989 intelligo.
870 905 979 972 Quam
1008 906 1071 971 etsi
1097 927 1151 970 me
1176 906 1233 971 ab·

278 1013 379 1087 sente,
414 1028 483 1071 non
516 1007 643 1072 turbari
673 1008 887 1092 contingeret,
919 1008 1085 1074 residuum
1121 1015 1233 1075 tamen

277 1110 410 1177 loeustae
435 1112 521 1197 apud
547 1134 607 1177 nos
632 1113 749 1178 brucus
775 1114 856 1179 adeo
881 1114 1073 1194 eomederet,
1097 1121 1136 1178 ut
1159 1120 1233 1199 post

277 1214 416 1281 brucum
446 1216 531 1301 quod
564 1218 711 1283 comedat
745 1238 843 1282 eruca
871 1218 940 1303 jam
974 1240 1043 1283 non
1076 1218 1231 1283 inveniat.

276 1318 402 1399 Valete,
424 1325 456 1384 et
476 1320 634 1404 colloquio
653 1328 765 1386 nostre
785 1321 814 1385 si
832 1320 941 1401 fuerit,
964 1319 1132 1386 dominum
1152 1321 1230 1386 Lin-

276 1423 473 1489 oolniensem
488 1430 608 1489 vocate.

274 1738 495 1805 EPISTOLA
517 1740 836 1806 cumn-m
853 1759 1054 1804 arianarum
1074 1760 1118 1803 nn
1139 1760 1230 1805 naor.

278 1890 317 1954 G.
340 1891 401 1955 Dei
419 1892 528 1975 matio
550 1891 804 1974 Heresordiensis
825 1892 994 1973 episcopas,
1017 1891 1140 1955 domim
1165 1892 1232 1955 Gil-

290 1993 374 2058 berto
390 1995 428 2059 de
441 1996 531 2075 Loci,
548 1996 665 2079 (spendo
682 1996 756 2059 bene
771 1994 929 2059 commoda
943 1996 1055 2058 salatia
1068 1995 1216 2059 obtinere.

319 2144 513 2211 Mssnsvm
527 2146 610 2211 mihi
624 2145 775 2211 dominus
794 2167 887 2210 mens
905 2166 972 2223 rex,
990 2153 1027 2211 nt
1042 2146 1232 2211 eanonicam

274 2247 364 2312 vobis
383 2248 545 2332 justitiam
568 2250 707 2315 facerem
734 2248 774 2313 de
799 2248 918 2315 eomite
944 2248 1153 2327 Hereiordiae,
1176 2248 1233 2333 qui

272 2350 393 2416 milites
411 2360 533 2418 vestros
552 2353 588 2418 in
607 2352 741 2417 eeclesia
760 2358 793 2416 et
813 2351 998 2417 coemeterio
1017 2358 1137 2435 captos,
1153 2351 1232 2415 diei·

273 2459 330 2519 tur
343 2452 384 2518 ad
398 2454 653 2540 redemptionem
668 2455 868 2539 compellere.
914 2454 990 2521 Qua
1007 2454 1095 2519 inre
1110 2454 1230 2538 sciatis,

274 2558 360 2643 quod
379 2559 415 2623 in
435 2566 594 2644 quantum
614 2560 701 2624 salvo
720 2559 833 2624 ordine
854 2578 929 2622 meo
947 2563 1071 2641 potero,
1091 2578 1232 2641 praeep-

272 2660 355 2724 tioni
377 2660 475 2744 regim
496 2660 637 2725 libenter
658 2660 787 2744 parebo.
835 2660 900 2725 Sed
920 2661 1017 2746 juxta
1039 2666 1164 2724 statuta
1185 2660 1231 2725 le·

272 2785 362 2848 gum,
373 2762 470 2848 juxta
483 2764 707 2829 auctoritatem
724 2784 889 2829 sacrorum
903 2783 1077 2842 eanonnm,
1091 2761 1173 2826 mibi
1194 2763 1232 2842 in

272 2888 309 2931 re
330 2867 394 2933 ista
416 2867 499 2931 nihil
523 2867 660 2952 amplius
683 2868 759 2932 licet
784 2866 900 2947 faeere,
923 2887 1021 2951 qnam
1044 2866 1132 2949 quod
1155 2873 1232 2931 ante

273 2978 437 3055 susceptas
457 2972 567 3037 literas
591 2977 719 3036 constat
742 2958 763 3035 a
785 2992 839 3035 me
863 2970 987 3035 factm
1008 2992 1088 3035 esse.
1133 2970 1230 3035 Diem

270 3074 360 3140 enim
379 3095 484 3140 eansae
502 3076 579 3139 huie
598 3076 708 3154 statui,
728 3074 870 3159 partium
891 3064 1135 3139 altercationem
1155 3073 1228 3158 [aul

271 3178 365 3263 divi],
381 3199 478 3263 super
492 3178 610 3244 auditis
620 3178 772 3263 judicavi,
789 3184 822 3243 et
838 3178 913 3263 qnia
927 3177 1095 3243 neminem
1114 3176 1154 3242 ab
1172 3198 1229 3262 ap·

270 3282 446 3367 pellatione
459 3282 629 3367 prohibere
644 3302 774 3367 possum
790 3288 848 3347 eut
862 3281 964 3365 potui,
980 3280 1230 3366 appellationem

271 3386 396 3450 comitis
413 3385 564 3451 adversus
578 3406 646 3450 rem
658 3384 839 3469 judicatam
855 3384 972 3448 audivi.
1006 3384 1106 3449 Paete
1121 3384 1229 3469 appel-

271 3489 401 3569 latione,
421 3490 483 3554 boe
499 3490 626 3573 justum
641 3494 700 3568 est,
715 3488 778 3552 hoo
793 3487 996 3566 canonicum,
1012 3487 1155 3552 utnulla
1172 3509 1228 3551 au-

271 3592 364 3658 dacia
381 3614 435 3657 me
455 3592 592 3677 amplius
613 3590 653 3656 de
673 3612 770 3655 eausa
788 3590 851 3655 hac
869 3590 1097 3669 intromittam,
1112 3590 1176 3654 nisi
1193 3598 1230 3656 ut

269 3694 380 3761 literas
405 3702 507 3789 totam
532 3696 599 3759 fere
622 3696 736 3759 seriem
762 3694 977 3773 eminentes,
1006 3693 1048 3758 ad
1074 3693 1229 3777 judicem,

269 3800 311 3864 ad
322 3818 419 3883 quem
435 3799 632 3883 appellatum
647 3806 706 3878 est,
721 3818 778 3883 per
792 3804 917 3881 partem
932 3804 1105 3880 utramque
1120 3804 1227 3861 trane

267 3903 407 3967 mittam.
454 3902 524 3965 Has
538 3921 614 3965 vero
628 3900 738 3973 literas
754 3922 826 3983 quae
841 3900 940 3965 etiam
956 3899 1094 3983 apostoli
1108 3920 1226 3964 vocan-
1496 3978 1500 3988 1

267 4012 331 4085 tur,
343 4012 416 4090 post
431 3980 679 4089 appellationem
696 4004 805 4068 statim
822 4010 891 4102 tam
906 4002 1018 4067 comiti
1030 4024 1126 4087 qnam
1143 4002 1228 4067 mili·
1248 3986 1281 4080 ‘l
1293 3966 1321 4034 C
1334 3980 1351 4027 ¹
1362 3968 1444 4053 'ql'
1461 3976 1529 4023 Μ

268 4110 357 4175 tibus
371 4110 482 4174 vestris
498 4108 611 4188 obtuli,
628 4130 707 4193 quas
722 4108 798 4192 quia
812 4130 881 4172 non
895 4107 1090 4190 suscepistis,
1104 4106 1139 4168 in
1157 4106 1229 4188 ipsa

267 4213 490 4298 appellationis
515 4212 567 4277 die
592 4212 700 4275 minus
724 4210 861 4276 forsitan
883 4209 1083 4275 obtinebitis.
1129 4208 1227 4271 Ultra

268 4318 330 4385 boc
349 4340 417 4385 non
437 4316 517 4382 mibi
532 4316 572 4381 de
587 4317 648 4382 boo
662 4315 748 4395 lieet,
765 4336 862 4400 quam
880 4313 1016 4379 minimo
1030 4308 1145 4375 clerieo
1160 4309 1226 4393 epi-
