3225 5192
283 720 567 804 nullus-610]
618 740 1106 786 ununronmnusussmsroun.
1172 725 1235 789 189

285 861 421 945 caligine
442 880 503 925 nos
525 858 668 938 obducit,
684 865 717 923 et
731 858 865 923 involvit
880 858 1104 925 amaritudine.
1150 860 1237 926 Prae-

284 970 389 1029 stetur
402 963 504 1047 igitur
518 961 628 1027 animo
642 960 839 1025 desideranti
857 960 1009 1025 solatium
1027 967 1061 1025 et
1079 961 1239 1027 referatur

284 1066 325 1131 sd
340 1088 399 1133 nos
414 1066 539 1131 cortule
553 1066 594 1131 de
609 1071 698 1130 statu
712 1072 746 1129 et
759 1064 984 1130 incolumitate
998 1072 1114 1144 vestro,
1128 1086 1239 1149 repor-

283 1184 356 1235 tans
370 1171 498 1235 utinam
511 1168 646 1234 verbum
660 1166 794 1246 bouum,
810 1168 852 1232 de
871 1167 965 1232 nobis
982 1189 1057 1232 vero
1075 1168 1139 1233 nisi
1159 1190 1236 1252 quu-

282 1274 328 1339 liu
342 1282 419 1339 sunt
432 1273 585 1338 nuntiare
601 1294 667 1336 nou
682 1292 862 1355 possumus.
907 1271 1030 1355 Capitis
1048 1271 1238 1337 infirmitate

284 1376 440 1441 continuo
460 1374 653 1453 laboramus,
669 1373 951 1439 commonitorium
965 1373 1122 1440 habentes
1137 1398 1156 1440 a
1171 1376 1238 1441 Do·

284 1479 384 1558 mino,
399 1484 438 1543 ut
460 1477 663 1542 advertamus
685 1498 753 1541 nou
775 1498 845 1541 esse
865 1484 1059 1561 perpetuum
1082 1478 1167 1563 quod
1188 1479 1238 1543 iu·

284 1588 379 1647 ternu
399 1581 558 1666 pulsantis
579 1602 680 1644 manu
698 1580 835 1666 jamjam
857 1587 985 1645 constat
1008 1602 1077 1646 esse
1099 1603 1238 1647 commo-

284 1690 367 1750 tum.
411 1685 462 1750 De
482 1690 598 1749 coetero
617 1704 737 1767 magno
756 1684 983 1769 frequentique
997 1706 1241 1750 commonemur

284 1788 427 1873 imperio,
443 1787 519 1853 duci
532 1787 800 1853 Normsnnorum
814 1788 973 1868 assistere,
988 1794 1022 1853 et
1037 1788 1100 1853 sibi
1112 1789 1240 1874 placitis

242 1972 246 1979 Ι
285 1891 517 1976 obtemperare·
563 1890 660 1957 Quod
686 1890 714 1955 si
742 1890 910 1975 hucusque
933 1891 1127 1972 distulimus,
1150 1893 1240 1959 inco-

284 1998 366 2062 lumi
389 2005 502 2063 tumen
528 2002 617 2062 stotn
645 1996 733 2061 ultro
761 1996 968 2062 Dominicom
992 1996 1152 2063 invocavit
1176 2019 1239 2078 me,

286 2101 423 2186 amplius
438 2100 599 2166 declinare
613 2121 680 2165 non
696 2121 876 2185 possumus.
920 2101 1118 2166 Assistemos
1139 2101 1241 2185 igitur

286 2204 469 2289 imperanti,
493 2210 527 2269 et
551 2204 640 2291 quod
664 2224 774 2268 rerum
799 2202 1020 2288 experimento
1044 2204 1239 2285 noverimus,

286 2307 375 2372 vobis
397 2308 579 2391 siguificare
599 2328 668 2371 non
688 2305 899 2371 tardabimus.
943 2307 995 2372 De
1016 2312 1143 2387 coetero,
1164 2307 1240 2392 quis

286 2411 385 2476 semel
404 2410 496 2495 ooepi,
516 2411 631 2495 loquar
650 2410 692 2474 sd
711 2410 891 2475 Dominum
909 2432 1030 2490 meum,
1050 2432 1112 2475 nec
1130 2418 1240 2495 quaeso

286 2514 500 2599 indignemini
529 2514 557 2579 si
584 2514 707 2597 loquer.
759 2513 927 2581 Gilbertus
948 2514 1056 2579 Foliot
1078 2535 1239 2578 summum

288 2618 371 2701 gerit
386 2616 486 2681 animi
500 2617 712 2697 devotionem,
727 2624 766 2683 ut
779 2624 887 2682 vestro
906 2637 975 2682 sese
993 2617 1157 2700 mancipet
1171 2637 1240 2681 om·

285 2720 365 2786 nino
387 2720 526 2801 servitio,
549 2728 581 2785 et
604 2720 640 2785 in
661 2727 769 2786 vestro
791 2721 952 2786 famulatu
975 2719 1145 2804 expendet,
1168 2740 1240 2802 quoe

285 2844 375 2889 nnuc
394 2823 479 2889 vium
498 2824 661 2889 consumit
680 2824 756 2889 otio.
802 2822 902 2889 Unde
916 2822 1075 2907 supplicat
1094 2821 1242 2887 adhibito

285 2927 463 2993 multorum
484 2947 588 3012 prece,
610 2947 720 3011 preces
744 2948 802 3012 pro
827 2927 898 3011 ipso
920 2926 1050 3012 porrigi,
1072 2932 1111 2990 ut
1133 2924 1241 3009 ipsum

286 3029 476 3115 suscipietis,
492 3036 525 3095 et
544 3030 580 3095 in
599 3030 713 3097 vostris
731 3050 807 3095 eum
826 3028 987 3114 obsequiis
1006 3028 1074 3093 suis
1093 3027 1241 3112 expensis

286 3132 472 3211 exerceatis,
494 3138 532 3201 ut
559 3132 587 3200 si
611 3133 718 3217 ipsum
740 3133 895 3198 idoneum
920 3138 954 3197 et
975 3133 1071 3217 juxto
1091 3152 1147 3196 cor
1170 3152 1240 3195 ves·

285 3242 374 3301 trum
388 3235 710 3316 inveneritis,vest1·is
724 3237 857 3302 omnino
871 3235 1119 3302 connumeretis.
1142 3232 1240 3301 Quod

287 3338 347 3424 ipsi
372 3339 449 3403 licet
473 3339 591 3405 honori
615 3340 709 3419 foret,
733 3340 824 3406 vobis
847 3346 960 3405 tomen
984 3359 1055 3404 esse
1078 3338 1241 3404 nollemus

287 3444 387 3509 oneri.
433 3444 501 3509 Ubi
530 3466 672 3528 nemque
697 3445 811 3511 multoc
840 3444 961 3509 divitiae
990 3449 1079 3523 suut,
1100 3448 1177 3508 sunt
1206 3448 1241 3507 et

287 3547 384 3611 multi
404 3548 460 3631 qui
479 3568 533 3612 eos
552 3547 737 3613 comeduut.
783 3547 882 3612 Unde
901 3552 935 3611 et
956 3548 1063 3631 ipsum
1081 3546 1167 3611 cirm
1183 3565 1240 3609 vos

288 3652 353 3715 suis
376 3651 530 3716 vellemus
554 3652 694 3717 militare
719 3651 896 3735 stipendiis,
921 3656 958 3715 ut
983 3650 1241 3715 emolumentum

288 3753 350 3819 hoc
365 3753 406 3819 de
420 3753 529 3820 labore
544 3754 698 3839 percipiet
713 3756 812 3820 vestri
826 3753 1007 3819 dominium
1025 3761 1059 3817 et
1078 3752 1241 3830 notitiam,

288 3858 350 3923 etsi
369 3858 458 3922 vobis
480 3879 555 3922 eum
577 3858 806 3943 complacuisse
828 3856 1021 3935 noverimus,
1036 3877 1056 3919 ιι
1069 3854 1159 3922 vobis
1179 3855 1242 3919 im-

288 3965 438 4047 petrandi
452 3964 576 4050 majora
588 3966 740 4031 fiduciam
754 3965 942 4031 habeamus.
971 3961 1098 4027 Volete.
