3225 5192
419 690 478 749 122
732 704 1048 758 ornasnrrarrsoorr

584 1013 805 1087 EPISTOLA
827 1021 1020 1085 XCV.-an
1035 1040 1190 1085 susurra.

414 1182 507 1245 Patri
530 1203 584 1246 auc
608 1188 638 1246 et
668 1182 789 1246 domim
818 1203 933 1246 summo
956 1180 1101 1265 pontifici
1129 1182 1170 1245 Ε.
1188 1181 1297 1264 frater
1325 1184 1366 1247 G.

456 1284 704 1367 Herefordienais
719 1286 851 1348 eecleaiae
865 1286 1014 1362 minister,
1031 1285 1171 1349 &votum
1185 1292 1215 1349 et
1230 1285 1366 1349 debitum

457 1382 634 1447 obedieutiae
641 1384 842 1466 famulatum.

457 1537 565 1603 Quurr
581 1538 760 1603 debitorem
774 1538 932 1603 universis
942 1536 1052 1601 divina
1065 1557 1130 1614 vos,
1145 1548 1247 1620 pater,
1257 1538 1365 1601 muni·

413 1640 544 1705 liomtia
558 1641 771 1719 constituerit,
783 1661 956 1705 commune
970 1639 1118 1703 debitum
1131 1639 1167 1702 hi
1177 1641 1366 1723 propemins

413 1744 557 1825 angunt,
582 1744 637 1826 qui
660 1750 774 1809 vestrae
797 1764 832 1807 se
853 1764 911 1825 per
932 1742 1043 1807 omnia
1065 1742 1199 1807 tuitioni
1220 1742 1365 1807 alacriori

412 1853 446 1909 et
466 1845 611 1928 ampliori
630 1844 800 1911 devotione
817 1845 1026 1910 submittunt.
1071 1845 1170 1908 Unde
1189 1845 1365 1928 plurimum

411 1948 528 2013 honori
555 1956 660 2013 vestro
689 1949 841 2015 conducit
870 1957 904 2013 et
932 1949 1115 2032 glutirent
1145 1948 1365 2013 Londoniensi

411 2055 552 2119 eoclcsiae
572 2076 612 2120 ea
634 2076 697 2138 qua
720 2056 761 2118 ad
787 2076 927 2138 presens
952 2061 1146 2138 tempestate
1168 2055 1362 2135 concutitur,

410 2180 545 2223 manum
574 2159 684 2223 auxilii
714 2159 895 2241 porrigatis,
919 2166 954 2221 et
983 2178 1112 2223 censam
1137 2179 1235 2240 quam
1258 2159 1363 2223 multo

409 2260 526 2325 sudore
556 2262 755 2344 perstringit,
776 2261 980 2344 benignitate
1005 2260 1130 2326 consilii
1155 2256 1384 2340 sublevando,

409 2363 512 2447 ipsam
528 2364 617 2427 allidi
632 2364 779 2448 scopulis,
795 2371 853 2429 ant
871 2362 1024 2427 ductibus
1043 2364 1137 2428 obrui
1150 2384 1219 2427 non
1237 2363 1361 2428 sinatis.

410 2466 494 2531 Qum
509 2486 609 2549 quum
623 2467 658 2531 in
670 2467 853 2549 Anglcrum
867 2466 1000 2533 ecclesis
1013 2466 1116 2529 multa
1128 2465 1317 2530 meritorum
1328 2472 1362 2530 et

410 2569 607 2653 dignitatum
627 2571 699 2634 luoe
719 2571 916 2654 praefulgeat,
931 2568 973 2633 ad
990 2588 1130 2651 presens
1145 2576 1257 2632 tamen
1271 2588 1362 2651 egre·
1430 2622 1435 2630 .
1460 2562 1463 2568 ’

410 2674 471 2753 gire
492 2674 596 2738 laudis
619 2674 717 2739 titulo
738 2674 800 2737 hcc
821 2674 891 2756 ipso
913 2672 1083 2737 nobilitata
1103 2678 1162 2750 est,
1180 2672 1269 2757 qnod
1289 2679 1362 2755 post

409 2778 510 2859 patris
525 2784 557 2840 et
571 2779 709 2860 pastoria
720 2778 770 2841 sui
781 2776 957 2853 decessum,
969 2775 1171 2839 interminus
1181 2774 1363 2858 principum

409 2880 557 2964 ipsosque
570 2881 779 2947 frementium
794 2880 927 2963 gladios,
943 2880 1051 2943 Deum
1065 2880 1281 2963 contemplata
1295 2900 1363 2943 uon

409 2984 584 3062 bominem,
596 2982 768 3048 immobilis
785 2982 1064 3065 imperterritaque
1078 2982 1268 3058 constiterit,
1280 2988 1314 3045 et
1327 3002 1363 3045 se

409 3084 557 3167 periculis
570 3085 722 3147 audacter
735 3082 889 3166 objiciens
899 3083 1055 3145 honorem
1064 3084 1127 3147 Dei
1136 3093 1169 3147 et
1180 3085 1363 3148 libertatem

407 3184 548 3248 ecclesiae
570 3184 604 3246 in
627 3183 733 3265 aliquo
756 3183 861 3245 minui
884 3183 1067 3265 dedignata,
1092 3192 1218 3267 patrem
1243 3187 1362 3251 sibiet

408 3294 569 3369 pastorem
601 3285 754 3349 idoneum
788 3306 948 3349 consensu
977 3286 1124 3349 unanimi
1156 3306 1224 3350 non
1252 3288 1363 3352 minus

408 3394 519 3453 sancte
541 3409 637 3471 quam
662 3388 839 3471 prudenter
863 3389 1006 3471 elegerit.
1050 3389 1148 3455 Quod
1169 3408 1271 3473 quum
1292 3392 1363 3474 ipsa

407 3498 597 3581 eligentium
616 3498 773 3563 fortitudo
791 3499 1014 3582 mentiumque
1029 3499 1211 3563 constantia
1225 3499 1362 3582 dignum

408 3601 504 3664 laude
518 3603 704 3681 constituat,
717 3622 854 3686 persona
867 3624 940 3687 quae
951 3603 1054 3666 electa
1067 3610 1117 3666 est
1131 3603 1235 3685 gratia
1248 3622 1362 3666 cumu-

409 3703 455 3767 lat
478 3710 511 3767 et
534 3704 665 3782 honore,
686 3713 725 3768 ut
750 3712 859 3769 totum
882 3705 924 3769 sit
945 3706 1054 3769 favore
1072 3704 1306 3787 dignissimum,
1326 3713 1362 3770 et

409 3807 495 3889 quod
528 3807 569 3871 ob
600 3807 755 3872 honorem
785 3816 819 3873 et
853 3809 1037 3873 libertatem
1066 3808 1207 3872 ecclesiae
1234 3808 1362 3873 fortiter

404 3916 517 3973 actum
538 3916 597 3987 est,
625 3916 658 3973 ct
684 3911 770 3993 quod
798 3910 834 3974 in
859 3911 1017 3993 ejusmodi
1045 3930 1183 3993 persona
1205 3910 1361 3975 laudabili

379 4012 692 4095 'circumspectione
723 4013 895 4095 provisum.
954 4014 1045 4076 Nota
1076 4033 1217 4095 namque
1249 4034 1360 4078 secure

409 4114 587 4193 scribimus,
614 4123 648 4179 et
678 4136 749 4198 quae
778 4115 906 4194 seimus,
935 4115 1099 4199 loquimur
1127 4134 1202 4177 cum
1230 4116 1358 4181 fiducia

410 4218 672 4283 Londonieusem
687 4218 948 4282 archidiaconum
964 4221 1004 4282 R.
1017 4218 1057 4281 de
1072 4218 1243 4296 Bealmeis,
1259 4240 1360 4301 quan-

409 4328 480 4385 tum
495 4322 691 4385 inhumanis
703 4322 801 4386 oculis
817 4328 875 4400 est,
887 4322 954 4385 vita
967 4322 1149 4398 honestum,
1164 4320 1360 4386 laudabilem
