3225 5192
406 640 471 701 w
712 655 1029 701 nuncnunerscerr

408 772 508 839 estius
533 772 693 855 patienter
716 772 751 835 in
775 778 904 855 tempus
925 771 1127 850 sustinuisse,
1150 792 1249 855 quem
1269 780 1366 839 tento

408 875 476 939 nelo
490 874 652 939 severitati
666 873 863 939 deservisse?
908 873 1022 941 Quid?
1066 874 1205 939 Etiamsi
1222 876 1365 959 plurese

409 976 502 1043 nobis
525 976 565 1042 eb
589 976 775 1041 obedientie
795 984 902 1041 vestre
922 976 1102 1060 persecutio
1125 998 1274 1061 seperare
1295 1000 1365 1045 nen

408 1080 537 1165 peterit,
550 1100 618 1145 non
633 1080 735 1144 deerit
749 1087 871 1159 temen
881 1080 937 1163 qui
951 1100 1041 1162 genu
1054 1089 1165 1146 curvet
1180 1088 1257 1147 ente
1273 1082 1363 1159 Bsel,

409 1190 443 1247 et
463 1182 504 1247 de
523 1204 625 1247 manu
641 1182 719 1247 idoli
733 1182 868 1265 pellium
882 1182 1068 1247 Centunrise
1081 1203 1149 1247 non
1163 1182 1277 1248 habite
1290 1185 1364 1249 reli·

410 1285 515 1370 gionis
537 1293 595 1350 eut
615 1285 751 1369 justitite
772 1284 901 1350 ddeetn
923 1285 1088 1369 suscipiet
1131 1286 1204 1351 Nec
1226 1286 1363 1353 deerunt

411 1388 467 1471 qui
482 1389 572 1455 sedes
587 1396 713 1453 neruus
728 1395 933 1471 occupantes,
944 1396 978 1452 et
989 1388 1160 1455 cathedras
1174 1387 1362 1468 insidentes,

410 1492 472 1575 ipsi
485 1498 555 1557 tete
570 1492 737 1556 devotione
751 1489 870 1555 mentis
884 1490 1048 1557 obediunt.
1082 1491 1159 1557 Jam
1172 1492 1270 1555 multi
1282 1514 1361 1575 pru·

411 1594 583 1659 masticant
604 1594 647 1659 ed
667 1594 754 1671 telin,
769 1599 920 1676 optantes
941 1601 980 1657 ut
1000 1593 1134 1659 veniunt
1155 1590 1316 1673 scandente,
1330 1603 1363 1661 et

412 1696 534 1761 directe
546 1704 709 1781 ponentur
722 1696 758 1761 in
773 1716 880 1779 preve.
915 1695 1014 1760 Unde
1028 1716 1096 1761 non
1110 1696 1248 1781 proprie,
1262 1704 1363 1780 peter,

411 1800 594 1883 plangimus
615 1806 671 1863 eut
690 1800 853 1882 ploremus
870 1797 1085 1877 incommode,
1100 1800 1157 1865 scd
1176 1799 1241 1863 nisi
1258 1800 1295 1862 iu
1314 1800 1364 1865 his

411 1904 504 1967 melis
519 1902 728 1981 occurreritis,
743 1902 864 1969 fedam
878 1902 1020 1967 ecclesiae
1039 1900 1103 1965 Dei
1123 1902 1364 1969 subversionem

411 2006 580 2071 imminere
594 2014 763 2071 cernentes
777 2004 1042 2090 pertimescimus,
1058 2026 1101 2069 ne
1114 2004 1211 2071 citius
1229 2004 1272 2072 ob
1290 2006 1364 2071 rite

411 2108 545 2173 tedium
570 2114 718 2192 optemus
743 2108 876 2192 periisse
901 2107 1000 2186 diem,
1024 2128 1089 2191 que
1112 2107 1155 2173 ed
1179 2108 1364 2193 hujusmodi

412 2212 594 2296 spectecule
607 2212 677 2276 neti
692 2232 814 2275 sumus.

455 2312 507 2378 De
521 2320 636 2379 caetere
651 2335 747 2399 super
765 2334 866 2378 censu
884 2313 972 2379 beuti
991 2313 1081 2379 Petri
1100 2333 1197 2379 uerno
1216 2313 1310 2380 nobis
1328 2314 1364 2379 in

411 2438 512 2502 regno
532 2419 582 2483 vel
601 2419 642 2483 de
661 2418 788 2484 medico
806 2418 1034 2503 respondisset,
1053 2416 1117 2482 nisi
1135 2416 1287 2483 domium
1307 2438 1363 2483 rex

412 2520 601 2585 mundatum
627 2542 723 2605 super
746 2522 810 2585 hoc
833 2520 870 2583 in
891 2540 1065 2585 commune
1089 2520 1240 2587 dedisset
1284 2522 1364 2606 Ejus

413 2644 486 2688 vero
503 2625 667 2703 mmdete,
683 2631 806 2689 statuto
825 2623 1005 2705 antiquitus
1023 2624 1164 2689 termino
1183 2625 1363 2707 colligetur,

412 2734 446 2791 ct
471 2727 635 2791 sanctitati
659 2734 773 2791 vestre
801 2746 859 2809 per
887 2746 1023 2791 manum
1047 2734 1203 2805 neruum,
1229 2728 1363 2811 juvente

412 2828 827 2909 Domino,t1unsmittetur.

549 3146 770 3211 EPISTOLA
792 3144 1050 3210 cnm-n»
1065 3166 1221 3210 runnu.

410 3297 590 3361 Alexandro
606 3318 700 3381 pepe
717 3296 874 3361 Gitbertw
887 3294 1111 3359 Εοιιιίοιιίοηείι
1124 3297 1291 3377 epiecopus,
1306 3298 1360 3359 ts-

453 3401 555 3463 mitem
569 3402 614 3463 cd
627 3402 730 3465 omniu
751 3400 785 3463 in
802 3420 861 3483 pcc
880 3418 949 3461 mec
968 3399 1051 3461 calet
1063 3400 1210 3481 penetus
1224 3400 1360 3464 obedieu-

453 3502 552 3565 tiam!

454 3651 710 3731 Srvrmrurnu,
729 3652 870 3731 domine,
891 3650 993 3735 petris
1012 3651 1117 3717 nestri
1135 3652 1361 3719 domini-Cen·

409 3755 580 3821 tmrieusis
595 3754 823 3839 archiepiscopi
841 3773 882 3818 er
901 3751 1096 3835 quibusdem
1115 3752 1235 3818 cuditis
1253 3760 1287 3819 et
1304 3775 1360 3837 ug·

409 3861 487 3925 uitis
516 3866 602 3924 recte
632 3865 812 3944 suspectam
839 3857 975 3933 hebens,
1005 3876 1047 3922 nc
1075 3856 1229 3923 indebite
1256 3878 1361 3941 poenae

408 3962 543 4029 nexibus
571 3982 624 4027 me
653 3968 793 4027 erctum
822 3968 856 4025 et
884 3958 1017 4043 lequcie,
1043 3959 1087 4025 ed
1111 3967 1251 4025 vestram
1275 3959 1360 4025 circe

407 4066 539 4131 initium
561 4064 814 4151 quadragesimae
835 4062 993 4148 appellavi
1014 4061 1229 4142 clementiam,
1251 4070 1285 4128 et
1306 4085 1361 4147 ep·

407 4170 573 4254 pollutioni
595 4170 690 4250 diem,
713 4175 841 4235 octeves
863 4164 1095 4250 purificationis
1119 4165 1224 4233 beetae
1246 4166 1362 4233 Maia

407 4276 571 4355 constitui,
586 4282 623 4341 ut
638 4274 729 4354 irem,
746 4294 810 4357 qua
824 4292 877 4336 me
890 4269 1012 4353 injuste
1029 4268 1241 4353 persequitiu,
1256 4276 1362 4335 vestre
