3225 5192
398 742 460 801 154
726 753 883 797 amaram
896 753 1041 798 arnoorr

397 892 483 937 mern
503 877 537 936 te
556 877 589 935 et
609 874 774 953 potentem
795 870 832 933 in
850 870 949 953 longa
967 878 1115 954 tempora
1133 872 1286 956 majestas
1305 871 1354 935 di-

397 975 470 1039 vina
484 981 660 1053 conservet,
675 974 711 1039 in
726 974 857 1039 Christo
871 974 1003 1039 domine
1017 974 1231 1041 dilectissime.

508 1242 730 1307 EPISTOLA
753 1240 968 1305 exva-m
985 1264 1016 1305 n.
1034 1262 1241 1307 asrcssrsra

723 1362 1030 1407 sacurmscouuu.

401 1500 437 1561 G.
455 1497 515 1560 Dei
527 1496 635 1577 pratia
650 1492 900 1575 Heresordieneis
914 1495 1082 1575 episoma
1097 1493 1266 1557 venerabili
1278 1491 1352 1575 frc-

441 1601 484 1663 tri
509 1605 540 1662 ct
566 1598 664 1660 amico
690 1617 744 1659 ano
771 1597 931 1659 carnaim
954 1586 1006 1659 Β.>
1019 1597 1196 1659 Leieestric
1217 1597 1353 1659 credidi-

441 1720 546 1778 acoao,
564 1700 637 1763 berre
644 1699 831 1779 prospermi
844 1718 963 1780 aeniper
976 1700 1011 1761 in
1025 1698 1173 1762 Borrine.

442 1852 536 1918 Qum
551 1850 587 1913 in
601 1848 694 1913 nobis
706 1847 892 1913 obedientia
905 1848 967 1913 sibi
982 1848 1130 1928 vindicet,
1146 1848 1352 1931 prudentiam

398 1961 537 2021 vestram
559 1951 720 2017 carissime
743 1951 784 2015 ad
805 1952 1042 2042 plenumscire
1060 1973 1128 2016 non
1148 1951 1352 2036 ambigimus,

398 2080 495 2143 quern
517 2056 551 2120 in
576 2054 688 2120 castris
712 2054 905 2119 obedientias
927 2054 1133 2119 laudabiliter
1155 2076 1260 2138 agere,
1282 2056 1353 2121 Deo

398 2162 520 2228 devotis
556 2159 715 2242 obsequiis
752 2159 891 2223 militare
923 2157 1018 2223 bouoe
1047 2166 1161 2223 vestrm
1189 2160 1350 2243 opinionis

398 2262 440 2329 ad
454 2282 513 2325 nos
528 2258 742 2345 pertingentis
757 2257 856 2323 odore
870 2260 1088 2343 cognovimus.
1112 2260 1196 2324 Inde
1207 2269 1257 2325 eat
1269 2261 1355 2345 quod

398 2366 523 2431 dilectae
548 2362 640 2427 nobis
666 2361 702 2425 in
725 2361 867 2427 Domino
888 2363 1085 2427 fraternitati
1105 2370 1219 2427 vestrae
1243 2386 1354 2448 preces

398 2468 571 2533 affectuose
590 2465 793 2549 porrigimus,
815 2466 967 2549 quatinus
988 2466 1110 2530 clericis
1131 2468 1253 2545 vestris,
1274 2488 1354 2549 quos

398 2571 439 2635 ad
462 2569 624 2655 agendum
647 2577 681 2632 et
702 2568 944 2633 testificandum
969 2568 1144 2653 apostolica
1164 2569 1355 2633 auctoritate

397 2674 574 2751 citavimus,
598 2671 685 2755 quod
709 2670 870 2755 synodum
895 2693 993 2754 quam
1015 2671 1199 2735 celebrastis
1222 2672 1355 2735 minime

397 2775 604 2841 interfuerint
640 2774 822 2850 remittatis,
854 2781 887 2837 et
917 2775 1020 2839 amico
1056 2775 1198 2858 pulsanti
1227 2775 1355 2839 reniam

396 2880 481 2944 hanc
503 2877 684 2962 apostolicae
705 2877 803 2941 etiam
827 2877 1029 2941 auctoritatis
1052 2878 1177 2941 intuitu
1199 2877 1352 2942 conceda·

396 2984 449 3047 tis.
494 2983 583 3046 Nam
599 2981 674 3064 quia
689 2981 744 3065 qui
759 2980 959 3046 occasionem
978 2980 1089 3044 damni
1109 2981 1175 3060 dat,
1196 2982 1352 3046 damnum

397 3106 524 3169 quoque
547 3084 622 3148 dare
642 3084 777 3163 videas,
801 3084 829 3147 si
851 3084 892 3148 ob
915 3084 1044 3168 culpam
1065 3084 1160 3162 hanc,
1182 3085 1218 3147 in
1240 3106 1351 3149 eorum

396 3188 552 3251 dsmnm
575 3186 662 3250 zelus
687 3194 791 3251 vester
812 3187 1028 3267 incanduerit,
1055 3187 1082 3252 si
1108 3187 1263 3251 absentias
1286 3209 1351 3251 susc

396 3290 533 3352 multam
548 3288 699 3372 exegerit,
715 3290 809 3354 nobis
828 3290 862 3353 id
881 3291 1000 3373 poterit
1014 3290 1180 3373 imputari,
1197 3290 1252 3373 qui
1267 3289 1352 3353 dele-

395 3399 472 3475 gata
501 3390 594 3455 nobis
623 3398 793 3475 potestate,
824 3414 891 3455 non
921 3392 1016 3476 plene
1045 3392 1182 3457 forsitan
1211 3400 1351 3471 utentes,

395 3516 507 3557 eorum
523 3494 648 3559 cautius
663 3495 831 3577 invigilare
850 3494 1021 3559 debuimus
1041 3496 1238 3579 impunitati.
1284 3496 1350 3559 Va·

394 3598 461 3662 lere
475 3620 530 3662 vos
545 3604 694 3682 optamus
709 3600 744 3662 in
761 3598 912 3663 Domino.

447 3853 668 3931 ΕΡΙΒἸὈΙιΑι
691 3825 925 3933 otim-m
948 3888 1150 3932 urrunnun
1174 3888 1298 3932 sacm-

661 3976 842 4035 nisoonuu
859 3992 1084 4035 omassum.

396 4122 434 4182 G.
465 4120 525 4183 Dei
551 4123 659 4205 pratia
687 4122 938 4205 Herefordr'ensia
966 4126 1133 4206 episcopua,
1165 4124 1264 4186 amico
1293 4143 1348 4185 sao

494 4224 645 4287 Mettica
661 4227 880 4290 archidiacono
899 4229 1086 4305 Gloccatn'oe,
1101 4228 1242 4290 salutern.

435 4375 593 4439 Vsursus
614 4376 655 4441 ad
675 4398 733 4441 nos
749 4377 877 4461 jamdiu
896 4378 949 4441 hic
968 4379 1051 4441 lator
1066 4377 1284 4461 praesentium,
1302 4376 1345 4439 U.
