3225 5192
235 698 303 741 aa.
323 672 521 758 nol-aa]
565 693 1012 737 nounournusrsrnrsronrt.
1127 677 1193 740 23⁷

235 812 414 877 necessaria
435 808 600 893 providere
622 808 692 891 ipsa
713 807 868 891 propositi
889 807 1063 872 necessitas
1085 808 1192 892 exige-

234 915 300 994 bat,
317 936 383 979 non
399 913 565 977 occasione
581 910 744 975 dilationis
759 910 940 995 quaerendae
962 910 1018 974 sed
1039 911 1193 995 legitime

235 1018 423 1103 provisionis
449 1016 574 1080 intuitu
600 1014 809 1098 appellationi
833 1015 1011 1079 terminum
1040 1015 1076 1077 iu
1105 1016 1192 1080 diem

154 1126 159 1137 '
234 1122 391 1187 transitus
412 1119 499 1184 beati
524 1119 661 1183 Martini
684 1119 850 1182 constitui.
895 1119 994 1183 Unde
1014 1118 1042 1182 si
1063 1119 1193 1203 pietatis

235 1226 344 1289 oculor
359 1224 487 1289 bonitas
507 1224 542 1287 in
563 1244 615 1287 me
637 1222 746 1285 divina
760 1222 924 1287 reduxerit
944 1229 978 1285 et
996 1222 1058 1286 iter
1078 1223 1192 1289 advos

235 1329 379 1413 pervium
400 1328 481 1391 mihi
504 1328 681 1391 clementer
701 1326 883 1406 indulserit,
907 1334 1029 1390 statuto
1052 1326 1104 1391 die
1126 1328 1193 1392 vita

234 1432 353 1497 comite
368 1431 573 1514 Dominoque
585 1431 721 1514 juvante
735 1430 902 1493 sanctitati
916 1438 1031 1494 vestrae
1046 1429 1192 1511 obstabo,

235 1556 306 1619 quae
328 1535 409 1599 mihi
431 1533 625 1618 objicientur
647 1532 829 1612 auditurus,
844 1540 1021 1616 vestraeque
1043 1554 1102 1617 per
1123 1556 1192 1598 om·

234 1639 290 1702 nia
305 1638 475 1701 sententiae
486 1636 535 1700 vel
547 1636 680 1701 consilio
695 1636 900 1699 devotissime
913 1636 1089 1720 pariturus.
1115 1636 1192 1702 Tes-

233 1741 277 1804 tis
291 1748 341 1804 est
355 1740 436 1803 mihi
451 1740 538 1803 enim
553 1739 715 1823 inspector
730 1738 830 1814 Deus,
845 1759 900 1801 me
918 1739 954 1801 iu
975 1738 1026 1802 his
1041 1739 1193 1804 omuibus

235 1864 306 1927 quae
321 1843 407 1927 apud
427 1864 486 1907 nos
507 1850 580 1907 acta
600 1850 677 1906 sunt
697 1862 758 1906 nec
779 1841 967 1923 adulationi,
984 1862 1045 1905 nec
1059 1842 1193 1907 elationi

234 1967 294 2010 nec
316 1946 486 2011 ambitioni
509 1946 560 2010 vel
583 1946 619 2010 in
643 1945 770 2010 modico
791 1945 975 2023 deservisse,
998 1944 1056 2009 sed
1078 1953 1193 2010 vestrae

235 2056 421 2133 sanctaeque
441 2050 597 2113 Romanae
617 2049 759 2113 ecclesie
778 2047 929 2111 fidelitati
950 2054 984 2112 et
1005 2047 1105 2112 totius
1123 2050 1193 2112 An·

234 2152 368 2236 glicanae
390 2153 531 2217 ccclesiae
552 2152 687 2216 utilitati
705 2152 801 2236 juxta
823 2152 986 2215 modicum
1009 2150 1096 2234 quod
1118 2172 1191 2214 sum

234 2264 267 2318 et
293 2255 378 2339 sapis
408 2255 545 2319 fideliter
569 2255 777 2338 prospexisse.
831 2252 920 2319 Hinc
949 2254 1037 2318 enim
1065 2260 1190 2337 patrem

234 2358 358 2423 habens
383 2358 460 2423 hinc
487 2358 665 2437 dominum,
688 2358 775 2422 inter
800 2357 882 2421 duos
908 2356 1031 2441 gladios
1056 2358 1192 2440 positus,

234 2461 310 2525 hinc
332 2462 368 2526 in
390 2462 588 2526 materialem
611 2462 729 2525 timens
748 2461 940 2544 impingere,
962 2461 1040 2524 hinc
1062 2461 1191 2545 spiritu·

235 2566 318 2629 alem
333 2563 520 2643 formidans,
538 2565 605 2629 sola
622 2564 721 2629 vestri
739 2563 881 2627 nominis
898 2570 1064 2646 protectus
1083 2570 1191 2627 aucto·

236 2668 334 2732 ritate
350 2668 401 2731 vix
420 2667 537 2748 haereo,
550 2677 583 2731 et
598 2669 708 2746 finem,
725 2688 822 2751 quem
841 2667 892 2730 bis
912 2666 1058 2730 cladibus
1078 2666 1191 2755 Domi·

235 2794 297 2837 nus
318 2772 452 2835 daturus
473 2780 533 2850 est,
552 2772 657 2835 multo
674 2772 742 2855 jam
763 2777 840 2834 ante
862 2770 959 2834 taedio
981 2770 1116 2833 affectus
1136 2790 1190 2833 ex·

234 2883 337 2960 pecto.
382 2875 558 2939 Affectioui
573 2876 683 2958 itaque
699 2895 763 2958 qua
776 2874 851 2937 filiis
867 2875 933 2938 suis
953 2880 985 2939 ct
1002 2872 1143 2956 compati
1156 2880 1191 2937 et

235 2978 489 3043 condescendere
518 2980 620 3063 pietas
650 2978 827 3062 apostolica
851 2977 1028 3056 consuerit,
1053 2976 1191 3041 devotis·

236 3084 315 3147 sime
330 3083 475 3167 supplico
492 3104 534 3147 ne
553 3082 801 3166 appellationem
817 3082 929 3147 advos
944 3082 1082 3147 honesta
1095 3100 1192 3145 causa

236 3196 269 3252 et
287 3188 467 3271 justissima
488 3186 679 3270 interposita
700 3186 825 3249 irritam
849 3185 1005 3265 babeatis,
1027 3206 1071 3251 ne
1092 3191 1190 3268 caput

235 3312 344 3355 meum
361 3292 447 3375 quod
465 3292 588 3375 injusto
607 3290 681 3354 odio
700 3298 792 3373 pater
811 3311 904 3354 meus
923 3288 1084 3354 Dominus
1104 3288 1190 3353 Can·

235 3396 407 3459 tuariensis
423 3394 491 3459 dire
505 3393 717 3478 persequitur,
734 3393 764 3457 ei
777 3394 908 3477 penitus
922 3392 1111 3476 exponatis:
1132 3391 1190 3455 sed

237 3518 365 3561 causam
381 3518 477 3581 quam
494 3496 759 3579 praestringimus,
771 3503 810 3559 ut
825 3496 968 3579 postulat
982 3496 1107 3579 equitas
1122 3496 1190 3579 ipse

236 3603 286 3666 vel
300 3603 447 3679 audiatis,
463 3603 512 3666 vel
528 3602 554 3665 si
572 3602 632 3665 hoc
648 3602 817 3665 difficultas
831 3623 899 3665 non
913 3603 1081 3687 permittat
1094 3602 1190 3666 itine-

236 3709 289 3786 ris,
305 3710 420 3792 legatis
434 3708 547 3772 vestris
568 3706 623 3791 qui
643 3728 742 3790 penes
761 3728 817 3771 vos
837 3708 1190 3790 sunt-cognoscendam

236 3820 269 3875 et
290 3810 527 3876 terminandam
544 3810 764 3875 committatis.
811 3809 965 3875 Quaedam
982 3810 1101 3875 nuncio
1116 3830 1190 3873 meo

237 3916 399 3979 sanctitati
414 3922 527 3979 vestre
542 3913 695 3978 secretius
709 3913 893 3977 intimanda
906 3913 1060 3992 commisi,
1071 3911 1189 3997 quibus

237 4016 264 4079 si
283 4018 531 4083 misericorditer
544 4015 718 4101 praebueris
734 4037 911 4095 assensum,
927 4016 968 4081 ad
988 4024 1108 4080 nutum
1122 4037 1190 4079 ves·

236 4127 324 4183 trum
349 4169 357 4185 .
382 4168 390 4182 .
417 4168 424 4185 .
450 4170 457 4183 .
480 4120 541 4185 hoc
563 4118 724 4203 condigne
745 4119 965 4183 remunerabit
986 4118 1189 4202 obsequium.

236 4225 352 4290 Valere
375 4246 430 4289 vos
453 4232 529 4309 opto
550 4225 586 4288 in
609 4223 760 4302 Domino,
782 4232 874 4307 pater
892 4224 928 4286 in
943 4222 1073 4285 Christo
1092 4219 1189 4283 caris·

237 4350 324 4393 sime.
