3225 5192
385 681 430 745 28
625 698 786 745 ernsrarr
804 698 925 746 rouror
939 700 1085 746 ssssrrs

384 839 439 882 vos
453 814 688 883 benedictione.
718 816 797 882 Nou
811 816 937 883 iuvenis
951 817 987 882 iu
1001 817 1099 884 domo
1112 825 1172 884 tua
1185 819 1237 884 vel
1249 821 1340 886 intus

384 919 554 986 consilium
567 919 619 986 vel
633 927 725 985 extra
738 920 982 1004 possessionem.
1027 922 1154 986 Murus
1166 928 1227 988 tus
1239 943 1339 1007 penes

384 1030 418 1089 te
433 1030 503 1088 est:
525 1023 561 1088 in
575 1023 645 1108 ipsa
657 1022 758 1090 habes
771 1023 961 1089 unctionem
975 1024 1106 1109 spiritus
1122 1046 1194 1109 quse
1211 1025 1340 1092 docebit

384 1133 418 1192 te
437 1127 477 1192 de
496 1124 658 1192 omnibus.
704 1125 816 1191 Habes
835 1134 870 1192 et
888 1127 992 1191 filium
1005 1128 1207 1194 mimum
1221 1130 1340 1196 Joceli·

383 1251 474 1309 num,
498 1250 605 1315 quem,
629 1230 705 1314 quin
729 1230 827 1296 timet
854 1229 1043 1311 Dominum,
1068 1252 1149 1297 sano
1176 1233 1338 1298 credimus

383 1332 548 1398 abundare
573 1332 715 1398 consilio.
761 1332 940 1398 Dominum
964 1333 1140 1416 Hugouem
1164 1334 1337 1400 direximus

382 1434 425 1501 ad
444 1441 489 1515 te,
504 1435 560 1520 qui
578 1434 641 1500 tibi
660 1435 833 1519 diligenter
846 1435 973 1501 obediet
992 1444 1026 1501 et
1046 1437 1161 1502 devoto
1179 1437 1337 1503 famulatu

383 1539 521 1604 assistet.
567 1539 603 1604 Si
625 1560 721 1624 quem
735 1539 786 1604 vel
806 1561 886 1622 quos
905 1539 946 1604 de
965 1541 1084 1604 nostris
1101 1541 1175 1626 plus
1189 1542 1336 1623 volueris,

381 1642 432 1707 his
446 1643 524 1726 ipsis
534 1642 625 1726 equis
636 1663 716 1724 quos
730 1641 887 1726 placuerit
902 1641 943 1708 de
957 1643 1032 1721 tuis,
1045 1644 1110 1708 siue
1120 1644 1256 1728 juvenes
1271 1646 1336 1711 sive

380 1765 482 1824 senes,
505 1745 615 1809 mittes
637 1744 679 1809 ad
700 1765 760 1810 nos
783 1752 817 1809 et
841 1745 882 1809 de
904 1746 1023 1810 nostris
1044 1746 1233 1831 impetrabis
1255 1769 1336 1832 quos

378 1846 477 1913 voles.
523 1845 666 1930 Negotia
689 1853 749 1911 tua
773 1853 886 1912 nostre
909 1847 1142 1932 reputabimus.
1191 1850 1336 1917 Adversa

381 1949 539 2014 sustinere
553 1959 654 2033 potes,
664 1948 727 2014 sed
746 1948 833 2013 solus
850 1949 970 2016 habere
986 1972 1055 2018 non
1073 1959 1174 2035 potes.
1220 1955 1335 2019 Unum

379 2073 491 2117 sumus
511 2058 545 2116 et
564 2073 690 2138 semper
712 2073 798 2116 unus
818 2052 854 2116 in
873 2053 1025 2133 Domino,
1049 2061 1083 2119 et
1107 2055 1280 2120 serviemus
1303 2057 1334 2122 ei

379 2156 515 2221 humero
532 2175 607 2220 uno.
653 2155 769 2219 Cetera
788 2155 816 2218 si
835 2153 952 2220 desunt
965 2155 1089 2236 muns,
1103 2180 1209 2223 unum
1222 2166 1334 2224 tamen

379 2257 489 2322 deesse
503 2278 571 2322 non
585 2262 702 2342 potest.
739 2256 865 2322 Domus
878 2264 938 2322 tua
952 2281 1145 2344 quocunque
1159 2261 1269 2327 labore
1283 2263 1334 2327 vel

379 2359 512 2427 oonsilio
526 2360 679 2444 proficere
698 2359 738 2424 de
758 2359 811 2424 die
829 2359 866 2424 iu
886 2359 970 2424 diem
991 2368 1108 2445 potest,
1123 2363 1230 2428 sedin
1244 2364 1333 2430 dete.

378 2465 446 2529 rius
459 2463 507 2528 ire
522 2484 589 2528 non
602 2469 720 2547 potest.
765 2461 892 2526 Malum
911 2469 1067 2546 tanquam
1081 2465 1118 2528 in
1132 2486 1258 2530 summo
1272 2473 1332 2547 est,

379 2589 443 2654 quo
462 2566 613 2652 procedat
631 2586 700 2631 non
718 2564 854 2645 invenit,
868 2566 993 2631 bonnm
1012 2573 1108 2631 tuum
1128 2567 1334 2651 quotidianos

377 2672 496 2757 poterit
512 2671 632 2736 habere
651 2676 830 2753 provocas,
845 2667 1029 2735 benedictio
1047 2677 1107 2735 tua
1125 2670 1152 2734 si
1172 2670 1331 2752 differtur,

376 2796 445 2840 non
474 2775 629 2840 aufertur.
682 2771 780 2838 Nosti
804 2771 890 2856 quod
919 2772 1071 2839 abbatem
1099 2773 1238 2859 episcopi
1263 2796 1331 2839 non

376 2878 453 2944 iacit
467 2877 660 2956 benedictio,
675 2876 733 2941 sed
745 2875 884 2940 fratrum
899 2877 1079 2942 communis
1093 2877 1218 2942 electio.
1256 2877 1331 2941 Sar·

375 2983 483 3048 cinam
501 2981 587 3046 hanc
605 2981 641 3043 in
660 2978 813 3043 humeros
827 2976 914 3041 beati
932 2977 1086 3062 principis
1100 2977 1330 3062 Apostolorum

376 3084 466 3150 Petri
483 3083 695 3166 imponemus,
711 3080 809 3144 facies
823 3087 936 3144 nostra
947 3078 1103 3144 confundi
1117 3101 1185 3145 non
1198 3082 1331 3166 poterit.

375 3184 529 3252 Minister
553 3183 783 3266 Apostolorum
812 3189 847 3246 et
875 3183 1014 3246 nuncius
1042 3182 1111 3267 ipse
1139 3183 1256 3250 direxit
1283 3192 1329 3252 te.

375 3287 610 3356 Nuntiabimus
632 3283 681 3348 illi
704 3282 791 3366 qnod
814 3283 963 3347 audimus
986 3283 1027 3348 de
1049 3290 1093 3365 te,
1117 3283 1159 3351 de
1184 3307 1248 3372 quo
1270 3309 1330 3372 per

373 3390 483 3458 omnia
504 3409 668 3475 speramus
690 3385 847 3466 obtinere,
869 3407 913 3451 ne
933 3386 1168 3470 plantationem
1189 3390 1327 3474 primam

374 3517 472 3580 quam
489 3493 525 3557 in
543 3492 605 3557 hoc
624 3510 725 3574 reguo
744 3488 897 3573 plantavi,
913 3487 1045 3554 dextera
1064 3491 1135 3576 ejus
1154 3491 1326 3578 cujuscun-

373 3619 437 3683 que
455 3596 565 3662 lebore
583 3593 635 3658 vel
653 3590 815 3658 industria
834 3591 871 3655 in
892 3591 1104 3674 ignominiam
1119 3593 1170 3658 sni
1184 3594 1328 3678 patiatur

372 3699 516 3766 evellere.
561 3696 653 3776 Vale,
669 3704 702 3760 et
717 3693 837 3761 divifiae
855 3694 883 3758 si
903 3693 1047 3774 affluant,
1068 3694 1137 3760 noli
1153 3716 1209 3761 cor
1228 3717 1326 3786 appo·

372 3823 460 3869 nere.
506 3800 543 3866 Si
567 3807 738 3885 paupertas
764 3796 929 3878 exusserit,
953 3796 1049 3863 obedi
1071 3804 1106 3864 et
1133 3799 1326 3883 patientiam

370 3906 464 3972 habe.
508 3903 606 3970 Nosti
624 3902 706 3968 illud
726 3900 908 3985 Sapientis:
936 3898 1018 3966 Suus
1036 3900 1136 3966 habet
1152 3910 1325 3988 paupertas

372 4015 484 4076 sancta
498 4006 633 4072 mutim
679 4002 829 4070 Honesta
841 4003 941 4069 ctiam
955 4024 1006 4068 res
1022 4003 1100 4070 leta
1118 4011 1169 4070 est
1187 4027 1324 4094 pauper.

370 4119 431 4193 tas,
447 4095 484 4176 et'
494 4109 607 4176 eadem
621 4129 688 4174 non
702 4113 751 4172 est
764 4113 946 4191 paupertas,
961 4107 989 4171 si
1003 4114 1053 4173 est
1067 4107 1152 4174 laeta.
