3225 5192
296 686 298 693 ’
382 670 426 735 96
650 688 809 733 cunnum
822 688 942 733 nomon
956 686 1101 733 anasum
1164 712 1171 727 .

383 805 424 869 de
438 804 527 869 tribu
545 804 725 869 Manassae:
747 804 823 870 huic
837 804 912 869 filie
926 808 1057 869 tantum
1071 811 1165 869 erant
1179 811 1213 869 et
1226 804 1337 873 nullus

382 910 478 973 filius.
501 909 618 973 Visum
633 914 682 973 est
698 907 891 993 quibusdum
906 908 948 973 ob
963 929 1058 973 sexus
1071 908 1336 991 imbecillitatem,

383 1033 451 1076 non
476 1010 592 1076 debere
618 1032 672 1076 eas
701 1013 736 1075 in
766 1011 853 1077 bona
881 1011 982 1096 patris
1010 1010 1149 1079 admitti.
1194 1014 1247 1077 De
1275 1014 1338 1079 hoc

382 1115 556 1198 requisitus
580 1116 740 1180 Dominus
765 1116 871 1199 legem
894 1116 1120 1199 promulgavit,
1145 1122 1185 1179 ut
1209 1116 1337 1181 filiabus

385 1218 539 1302 salphaat
568 1224 674 1282 totum
700 1219 829 1283 cederet
857 1219 1022 1302 integrum
1049 1219 1135 1302 quod
1163 1219 1269 1283 fuerat
1294 1220 1337 1285 ab

384 1342 495 1385 earum
514 1327 606 1405 patre
629 1342 820 1404 possessum.
865 1322 953 1386 Eent
977 1323 1033 1405 qni
1055 1323 1168 1386 volunt
1179 1349 1189 1401 3
1211 1331 1336 1407 ponant

383 1424 419 1490 in
433 1426 548 1489 caelum
568 1447 603 1490 os
624 1446 729 1503 suum,
745 1425 840 1489 astris
854 1425 882 1488 si
898 1424 1004 1509 placet
1018 1426 1245 1491 machinentur
1259 1427 1336 1491 insi·

384 1527 463 1593 dics.
508 1527 612 1593 Nobis
634 1529 734 1592 lixum
757 1528 818 1592 erit
840 1527 927 1611 qnod
948 1534 1062 1592 eterna
1081 1529 1154 1611 lege
1175 1529 1337 1593 sancitum

383 1641 443 1697 est.
490 1633 525 1697 Si
540 1654 614 1697 vero
625 1634 679 1718 jus
698 1633 847 1698 naturale
865 1653 1043 1717 percurras,
1058 1654 1164 1698 causae
1177 1633 1255 1698 huic
1268 1654 1337 1699 non

384 1732 545 1797 mediocre
556 1733 797 1797 firmamentum
812 1739 846 1797 et
859 1732 959 1797 robur
973 1732 1125 1797 invenies.
1170 1734 1192 1797 J
1194 1755 1232 1797 ua
1247 1734 1335 1798 enim

383 1834 532 1899 naturale
555 1842 604 1900 est
627 1835 713 1919 quod
734 1842 853 1900 notura
873 1856 940 1899 uon
962 1844 1093 1900 tuntum
1112 1856 1207 1901 nosse
1226 1837 1337 1901 omnia

384 1938 536 2003 animalia
550 1938 669 2019 docuit,
686 1938 863 2003 secundum
882 1939 968 2022 quod
983 1940 1111 2025 singula
1123 1942 1219 2024 juxto
1233 1962 1336 2021 genus

384 2063 480 2105 suum
495 2062 637 2107 amorem
655 2040 715 2105 sihi
734 2042 897 2125 quendam
912 2043 1095 2121 concilient,
1110 2044 1208 2109 foetus
1222 2065 1338 2127 propa<

384 2152 473 2229 gunt,
497 2152 689 2229 propagatos
711 2145 851 2229 diligunt
876 2153 910 2210 et
934 2154 1134 2211 conservant.
1165 2148 1215 2211 -Si
1240 2155 1274 2211 te
1296 2169 1336 2211 en

384 2254 496 2312 tenore
515 2249 612 2333 hujus
630 2248 714 2332 juris
731 2248 921 2331 interroges,
937 2248 1014 2331 quid
1036 2248 1134 2313 rebus
1150 2249 1336 2334 hujusmodi

384 2352 558 2415 situatum
576 2351 795 2435 propinquius,
810 2358 898 2417 recte
915 2352 1118 2436 respondeus,
1132 2352 1167 2417 id
1180 2375 1250 2419 esse
1265 2354 1335 2437 qui-

384 2453 509 2538 busque
523 2462 641 2520 natura
654 2455 876 2540 propinquius,
887 2455 928 2520 ad
943 2456 1027 2539 quod
1040 2478 1079 2521 ea
1092 2458 1248 2521 naturalis
1262 2458 1336 2541 plus

383 2559 485 2623 trehit
499 2559 643 2625 affectus.
678 2559 742 2625 Sed
756 2561 829 2625 volo
842 2559 930 2625 dicas
944 2560 1164 2638 manifestius,
1185 2562 1334 2644 Singulo-

384 2685 456 2728 rum
481 2663 522 2727 ad
543 2664 578 2728 id
598 2665 702 2748 magis
724 2665 858 2729 affectus
880 2664 1030 2743 trahitur,
1054 2664 1141 2749 qnod
1161 2685 1201 2729 ex
1221 2664 1335 2728 iisdem

384 2767 524 2851 quodam
538 2769 627 2833 velut
641 2769 745 2833 carnis
761 2776 794 2834 et
814 2769 980 2852 sanguinis
994 2768 1195 2854 participatio
1209 2789 1335 2852 procre

383 2878 465 2936 atsur.
511 2872 655 2937 Attende
674 2874 776 2956 igitur
790 2880 829 2937 ut
841 2874 892 2937 vel
909 2873 1056 2937 homines
1071 2879 1223 2937 amatura
1236 2893 1335 2936 secer-

382 2996 452 3053 nas,
467 2976 518 3039 vel
538 2975 626 3040 idem
647 2976 683 3039 in
704 2976 755 3039 his
777 2996 847 3039 esse
868 2975 985 3040 debere
1006 2976 1146 3040 naturali
1163 2978 1238 3061 jure
1259 2997 1337 3041 con-

383 3077 486 3142 cedas.
531 3078 563 3141 A
577 3084 668 3161 petre
683 3084 716 3140 et
730 3085 834 3140 matre
848 3078 953 3160 prima
967 3077 1065 3141 estin
1080 3079 1184 3142 filium
1197 3080 1335 3143 filiamve

382 3179 572 3263 progressio.
617 3178 780 3262 Nepotem
804 3186 912 3243 statue
929 3180 980 3243 vel
997 3179 1173 3263 quemlibet
1196 3182 1336 3246 alterum

382 3282 418 3346 in
442 3282 608 3365 sanguinis
626 3280 715 3345 linea
737 3281 884 3364 gradum.
929 3283 1006 3346 Jam
1028 3282 1162 3366 languet
1188 3304 1279 3349 amor
1301 3293 1337 3349 et

382 3387 517 3470 tepescit
537 3386 680 3465 affectus,
696 3394 729 3451 et
746 3387 878 3470 sanguis
896 3386 965 3471 ipse
982 3408 1079 3451 cursu
1097 3387 1336 3469 quodammodo

381 3490 526 3574 longiore
541 3490 707 3555 defervuit.
752 3491 813 3555 Est
827 3512 905 3575 ergo
914 3490 950 3555 in
965 3492 1068 3555 filium
1083 3492 1230 3556 etlilium
1244 3513 1335 3575 reque

381 3597 555 3662 ferventior
578 3618 676 3676 umor,
700 3597 835 3661 effectus
860 3596 1037 3681 promptior
1059 3604 1094 3661 et
1118 3604 1237 3661 natura
1258 3618 1335 3662 oon·

382 3700 528 3764 vinctior.
575 3700 639 3763 Sed
657 3699 743 3764 dices
760 3701 830 3765 haec
844 3701 954 3766 omnia
968 3722 1040 3784 quae
1054 3700 1095 3765 de
1109 3702 1250 3765 naturali
1260 3702 1335 3785 jure

269 3872 271 3877 ,
383 3804 531 3883 diximus,
558 3803 600 3868 ed
627 3803 788 3868 interioria
816 3803 947 3869 habitus
973 3805 1171 3888 qualitatem,
1197 3825 1264 3869 non
1293 3804 1335 3869 ad

381 3908 590 3993 possessionis
620 3914 764 3991 spectare
793 3906 1036 3973 successionem.
1091 3908 1170 3972 Non
1198 3907 1245 3970 ita
1274 3914 1334 3971 est.

384 4013 489 4079 Quem
514 4012 602 4076 enim
623 4019 753 4095 reputas
776 4020 895 4076 natura
913 4013 1104 4095 proximum,
1118 4017 1220 4075 restat
1237 4018 1275 4075 ut
1292 4011 1334 4075 ab

383 4137 421 4179 eo
447 4114 532 4197 qnod
556 4113 739 4197 possidetur
763 4114 871 4177 minus
897 4114 1027 4178 estimes
1053 4114 1205 4178 alienum.
1249 4114 1334 4177 Vide

383 4217 460 4301 quid
482 4224 516 4281 te
534 4225 655 4281 ¹natura
676 4216 856 4299 perdoceat.
901 4215 1040 4281 Tractus
1062 4217 1159 4281 maris
1185 4225 1219 4282 et
1244 4218 1334 4282 sinus

382 4322 529 4387 littorum
552 4321 654 4404 pisces
677 4319 872 4398 inhabitant,
893 4320 932 4383 -in
958 4319 1074 4403 quibus
1097 4340 1152 4394 eoo
1177 4320 1336 4385 naturalis
