3225 5192
382 681 426 748 26
627 695 787 742 orassem
806 693 925 740 rouor
939 691 1085 738 asseras

383 989 605 1058 EPISTOLA
624 989 809 1056 XIV.-au
823 1004 1020 1052 rocrmuurr
1034 999 1336 1050 menusanum

694 1079 699 1088 ’
759 1109 962 1156 arrscorurr.

384 1239 1336 1322 PudmoadeainoJMaoesemiDepmuaept

427 1371 529 1435 acopo,
547 1351 586 1415 G.
600 1369 675 1414 rasas
688 1347 822 1413 eooleaioe
835 1346 919 1410 beati
932 1345 1023 1409 Petri
1039 1343 1218 1408 Gloeestrioe
1235 1341 1339 1406 dietas

429 1456 534 1534 obbas,
550 1475 619 1520 mem
637 1453 754 1537 gaudio
775 1457 807 1516 et
827 1450 1018 1516 medulone
1030 1447 1159 1531 ,budae
1177 1451 1339 1529 reportare

419 1559 565 1642 jutitia

430 1710 612 1786 (louuuur,
643 1706 759 1772 dilecte
790 1713 892 1790 pater,
921 1705 1153 1772 lamentatione
1180 1706 1218 1771 in
1245 1727 1339 1772 aures

387 1810 568 1878 sanctitatis
582 1815 696 1876 vestre
709 1814 822 1875 nostra
836 1808 1039 1892 deploramus
1056 1808 1271 1888 incommoda,
1285 1809 1339 1874 de·

387 1920 555 1999 precantes
577 1911 743 1976 humiliter
772 1917 811 1976 ut
838 1911 1060 1977 malefactores
1083 1918 1211 1977 nostros
1235 1919 1341 1977 vestra

388 2016 439 2083 vel
452 2021 578 2082 revocet
594 2014 771 2080 admonitio
790 2014 841 2078 vel
860 2021 1005 2079 coerceat
1019 2014 1197 2099 disciplina.
1240 2014 1341 2080 loan-

389 2140 447 2184 nes
470 2119 511 2184 de
532 2117 738 2201 Merleberga
760 2124 794 2182 et
814 2118 991 2182 Walterius
1016 2119 1058 2184 de
1079 2119 1262 2184 Pinobeum
1281 2140 1341 2184 nos

388 2221 528 2288 humiles
557 2220 675 2292 amicos
698 2227 820 2284 vestros
842 2220 996 2284 infestare
1023 2243 1093 2286 non
1121 2223 1285 2301 desinunt,
1308 2228 1342 2287 et

391 2324 505 2388 solatia
527 2322 795 2408 peregrinationis
821 2328 942 2387 nostrae
966 2323 1108 2388 violenta
1136 2347 1238 2390 manu
1266 2323 1342 2389 diri·

389 2448 475 2512 pere,
490 2433 524 2492 et
538 2428 574 2490 in
588 2425 754 2510 pravitatis
768 2447 847 2490 usus
862 2426 1043 2510 expendere
1053 2447 1123 2492 non
1133 2427 1341 2493 erubescrmt.

391 2530 558 2595 Patientsr
571 2528 696 2615 pondus
711 2529 775 2594 diei
790 2536 824 2594 et
838 2535 935 2594 aestus
948 2528 1115 2613 hueusque
1135 2531 1343 2615 portavimus,

392 2640 557 2718 sperantes
577 2633 710 2698 tandem
728 2632 947 2716 malignorum
964 2633 1137 2697 bominum
1154 2632 1279 2698 rabiem
1293 2634 1345 2700 vel

391 2757 483 2820 posse
503 2736 623 2821 expleri
641 2737 692 2801 vel
711 2735 842 2800 eosdem
860 2736 902 2800 ad
920 2736 1082 2820 legitimos
1100 2736 1245 2801 tramites
1259 2736 1344 2800 salu·

391 2839 443 2905 bri
457 2841 678 2926 cujuscumque
691 2840 897 2926 persuasione
910 2839 1062 2906 eonvert'u
1090 2839 1154 2905 Sed
1165 2840 1242 2924 qnia
1250 2838 1346 2924 juxta

395 2943 615 3028 Sapientiam
642 2943 748 3010 Quem
764 2943 854 3006 Deus
869 2942 1058 3026 despexerit,
1072 2941 1172 3007 homo
1186 2941 1346 3025 corrigere

393 3067 461 3110 non
478 3051 595 3129 potest,
610 3065 762 3127 rogamus
781 3065 821 3108 ea
839 3044 961 3126 quade
979 3043 1069 3108 vobis
1082 3042 1167 3108 bene
1181 3065 1346 3129 speramus

393 3148 521 3226 fiducia,
535 3154 574 3212 ut
589 3167 668 3229 quos
682 3165 830 3210 revocare
848 3145 1026 3211 admonitio
1039 3154 1154 3212 meta
1166 3169 1235 3212 uon
1248 3149 1344 3227 valet,

394 3250 435 3315 de
455 3269 557 3314 manu
577 3253 683 3314 vestra
705 3247 796 3332 virga
815 3249 985 3332 pastoralis
1005 3248 1165 3314 humiliet.
1210 3251 1346 3316 Noverit

301 3379 302 3382 ¹
394 3358 549 3439 praeterea
566 3351 732 3416 xsanctitas
759 3357 867 3416 vestra
893 3351 1063 3436 praedictos
1090 3352 1163 3418 illos
1188 3353 1280 3435 duos,
1308 3355 1345 3419 in

391 3454 538 3520 nummis
557 3461 592 3520 et
616 3474 825 3519 nummorum
842 3452 965 3537 pretiis,
982 3452 1077 3520 nobis
1095 3454 1266 3540 plusquam
1286 3455 1345 3520 du

396 3565 506 3624 centos
520 3578 644 3622 marcas
658 3556 837 3635 abstulisse,
852 3562 887 3620 et
900 3555 1113 3640 possessiones
1134 3563 1261 3622 nostras
1275 3577 1348 3641 quae

396 3663 481 3729 eirea
494 3683 549 3728 eos
563 3668 651 3742 sunt,
665 3681 748 3746 pene
763 3658 805 3725 ad
819 3659 958 3724 nibilum
971 3659 1142 3742 redegisse
1187 3659 1348 3744 Optamus

396 3767 506 3852 itaque
519 3785 579 3830 nos
593 3763 680 3830 illius
694 3762 839 3829 roborari
852 3760 977 3847 spiritu,
987 3763 1044 3846 qui
1054 3761 1153 3828 dixit:
1176 3763 1348 3843 confidite,

397 3891 458 3952 ego
482 3867 544 3933 vici
566 3868 738 3947 mundum,
762 3865 819 3949 qui
842 3865 990 3930 inimicos
1014 3886 1090 3930 suos
1114 3886 1228 3932 omnes
1248 3873 1349 3951 ponet

398 3971 573 4036 scabellum
591 3969 711 4054 pedum
730 3990 871 4047 suorum,
885 3989 944 4052 per
958 3989 1054 4052 quem
1072 3968 1109 4032 in
1128 3969 1263 4034 interitu
1281 3991 1350 4034 ma-

398 4075 561 4158 lignorum
588 4072 765 4138 ridebimus
801 4077 835 4135 et
871 4070 1151 4152 subsannabimus,
1181 4093 1282 4156 quum
1309 4073 1351 4138 iis

399 4176 486 4261 quod
506 4181 674 4242 merentur
693 4173 855 4240 acciderit.
899 4173 993 4238 Illius
1014 4173 1159 4257 gladium
1179 4196 1247 4240 non
1267 4175 1351 4240 frus-

399 4286 453 4344 tra
465 4279 611 4364 portatis,
627 4277 694 4358 sed,
708 4283 747 4342 nt
762 4275 939 4362 allophylos
958 4297 1026 4342 non
1045 4276 1150 4342 solum
1168 4297 1245 4344 cum
1263 4299 1351 4344 seme
