3225 5192
253 689 319 732 nn.
338 665 537 749 use-48]
587 685 799 732 euocasrarn
814 687 991 733 emmona.
1168 674 1209 742 13

249 905 471 972 EPIS'I'OLA
493 905 646 968 VL-so
662 924 895 969 nunoalnnuu
911 925 1204 972 crurusaiuusru

568 1025 883 1070 sacnrrmcoruu.

250 1159 593 1226 emmerammo
608 1141 779 1222 ricoardo
793 1161 1010 1223 maumam
1023 1161 1085 1224 nes
1095 1163 1205 1244 yreia

293 1264 542 1346 Arebieps'scopo,
556 1259 666 1342 frater
691 1262 729 1326 G.
754 1263 887 1326 ecclesie
908 1262 991 1326 beuti
1012 1265 1104 1328 Petri
1132 1267 1205 1330 Glo-

295 1368 412 1431 eestrtae
427 1367 528 1430 dictio
542 1365 647 1443 abbas,
663 1370 760 1429 totum
775 1365 859 1447 qrsod
871 1367 974 1446 pacis,
990 1368 1074 1452 qood
1082 1370 1204 1451 matie,

296 1469 380 1552 qaod
390 1469 512 1534 soluto.

297 1643 452 1706 Galum
474 1663 536 1726 ago
554 1641 786 1707 benevolentiae
808 1649 932 1722 vestroe,
951 1643 988 1706 iu
1008 1643 1137 1708 Christo
1157 1643 1205 1707 di-

250 1745 332 1810 lecte
346 1752 448 1829 pater,
464 1767 536 1829 quse
549 1767 602 1809 me
617 1744 752 1828 dignata
766 1751 815 1810 est
826 1753 859 1810 et
873 1745 977 1809 filium
990 1744 1159 1810 nominare
1170 1753 1205 1812 et

251 1848 390 1912 amioum
412 1855 579 1931 reputare3
602 1853 636 1911 et
658 1853 697 1912 ut
722 1847 833 1911 fierem
856 1848 998 1931 suseepti
1023 1869 1129 1912 eomes
1150 1849 1204 1913 iti·

249 1951 347 2028 neris,
361 1949 442 2014 mibi
455 1949 556 2014 voluit
571 1949 670 2013 etiam
684 1949 720 2012 in
735 1949 882 2032 expensis
899 1950 1075 2033 providere.
1121 1951 1204 2015 Gra-

249 2053 339 2118 tulor
357 2052 515 2137 equidem,
534 2051 561 2116 si
579 2053 668 2117 venit
685 2059 815 2136 tempus
836 2059 870 2116 et
889 2074 909 2117 a
927 2053 1068 2118 Domino
1089 2075 1204 2139 oppor-

250 2156 373 2221 tunitas
395 2156 473 2221 data
493 2163 552 2235 est,
568 2178 632 2241 qua
648 2155 750 2240 possit
768 2155 901 2220 ecelesia
914 2163 1020 2220 restra
1041 2155 1082 2220 de
1102 2178 1203 2221 manu

251 2259 437 2324 suffocantis
471 2259 551 2343 eripi
584 2266 618 2324 et
652 2280 846 2344 quoeunque
874 2258 980 2338 modo,
1011 2281 1203 2345 quocunque

250 2363 358 2429 labore
368 2364 404 2427 in
414 2363 597 2428 libertatem
609 2363 777 2446 dignitatis
788 2363 931 2446 autiquae
940 2364 1078 2428 restitui
1102 2364 1203 2431 Novit

251 2465 413 2548 inspector
426 2465 571 2529 cordium
585 2465 675 2530 Deus
696 2487 793 2549 quam
814 2473 982 2550 promptus
1003 2467 1106 2530 forem
1127 2466 1205 2532 huie

253 2567 453 2652 exsequendo
473 2568 612 2651 negotio,
628 2568 692 2632 uisi
712 2567 853 2633 eeclesiae
876 2569 930 2632 eui
949 2569 1099 2652 alligatus
1121 2591 1203 2650 sum,

251 2671 399 2734 timerem
427 2669 572 2754 undique
597 2669 776 2751 emergenti
805 2669 964 2752 periculo:
998 2669 1055 2733 sed
1079 2671 1205 2734 noverit

253 2772 406 2838 sanctitas
430 2779 536 2836 vestra
559 2772 706 2856 equidem
730 2793 834 2855 usque
856 2770 899 2835 sd
921 2770 1007 2835 diem
1029 2771 1116 2836 hane
1136 2793 1204 2835 nou
1219 2818 1249 2849 κ

251 2875 346 2940 irruit
360 2875 583 2940 vehementius
598 2881 771 2958 tempestas
792 2875 829 2938 in
847 2895 917 2939 uos.
963 2873 1072 2939 Hodie
1091 2881 1206 2940 eontra

253 2978 412 3044 Comitem
427 2977 636 3058 Herefordise‚
653 2979 744 3063 ouJ'us
760 2978 831 3042 sitis
845 2978 881 3042 in
895 2999 992 3042 omne
1007 2977 1092 3062 quod
1105 2976 1204 3043 babe-

250 3103 322 3146 mus
344 3082 526 3162 excanduit,
545 3103 676 3146 eausam
697 3082 801 3146 multo
825 3081 941 3146 sudore
959 3080 1202 3166 distringimus:

250 3191 283 3250 et
303 3185 419 3269 ipsum,
440 3206 536 3269 quem
557 3185 585 3248 si
604 3184 754 3250 absentes
778 3206 929 3264 essemus,
953 3191 1074 3249 nostrae
1096 3205 1203 3269 spera·

249 3289 364 3352 bamus
393 3288 533 3352 ecclesie
561 3295 786 3372 protectorem,
816 3294 990 3371 presentes
1021 3287 1203 3370 experimur

250 3391 492 3456 infestissimum
506 3391 641 3456 hostem.
673 3391 876 3477 Episcopalia
885 3391 954 3473 jam
969 3397 1083 3454 contre
1096 3389 1202 3472 ipsum

251 3515 341 3559 arma
362 3493 516 3572 aeuimm,
532 3501 564 3558 et
582 3501 695 3559 eontra
715 3494 822 3578 ipsum
841 3498 875 3557 et
893 3514 1005 3557 omnes
1024 3513 1100 3556 suos
1114 3492 1203 3557 velut

249 3597 286 3660 in
300 3597 466 3681 procinctu
482 3595 664 3674 adstamus3
680 3596 815 3660 aliorum
829 3595 1053 3660 infestantium
1063 3615 1123 3659 nos
1135 3616 1201 3659 non

251 3706 301 3764 est
314 3719 479 3780 numerus,
494 3706 607 3765 eontra
622 3720 700 3783 quos
717 3699 795 3764 bino
809 3699 931 3763 ferrum
950 3704 1109 3776 tenentes,
1124 3697 1201 3764 hine
1217 3755 1244 3786 Ι

251 3800 401 3887 lapidem,
430 3823 623 3886 pugnamus,
653 3810 687 3866 et
715 3801 767 3866 vix
803 3800 996 3884 proficimus.
1057 3799 1202 3866 Habebit

249 3905 360 3989 itaque
374 3909 562 3970 meusatum
575 3904 636 3969 hae
648 3904 714 3968 viee
727 3924 781 3968 me
793 3903 900 3968 -filium
910 3909 1052 3967 vestrum
1066 3909 1203 3988 paterna

248 4007 442 4090 benignitas,
468 4027 564 4090 quem
588 4006 678 4071 vobis
702 4007 743 4070 ad
766 4028 906 4090 praesens
929 4006 1103 4070 necessitas
1126 4004 1200 4074 sub-

248 4110 359 4188 trahit,
374 4130 442 4172 non
456 4109 612 4173 voluutas.
659 4109 766 4172 Erunt
781 4109 871 4173 omni
890 4107 942 4172 die
961 4108 1100 4172 lacrimae
1120 4129 1202 4172 meaa

247 4213 284 4275 in
299 4212 436 4276 maxillis
450 4213 540 4290 meis,
552 4209 654 4277 donee
667 4211 806 4276 reditum
818 4215 960 4276 vestrum
974 4217 1008 4274 et
1019 4229 1200 4274 successum

249 4313 379 4380 audiam
401 4321 434 4380 et
455 4313 606 4380 mdeunti
626 4314 711 4399 petri
731 4315 826 4381 laetus
843 4333 1018 4380 ooourram.
1064 4310 1201 4374 Interim
