<?xml version="1.0" encoding="UTF-8"?>
<!DOCTYPE html PUBLIC "-//W3C//DTD XHTML 1.0 Transitional//EN"
    "http://www.w3.org/TR/xhtml1/DTD/xhtml1-transitional.dtd">
<html xmlns="http://www.w3.org/1999/xhtml" xml:lang="en" lang="en">
 <head>
  <title>
</title>
<meta http-equiv="Content-Type" content="text/html;charset=utf-8" />
  <meta name='ocr-system' content='tesseract 3.04.00' />
  <meta name='ocr-capabilities' content='ocr_page ocr_carea ocr_par ocr_line ocrx_word'/>
</head>
<body>
  <div class='ocr_page' id='page_1' title='image "./gilbertiexabbat00gilegoog_0156.png"; bbox 0 0 3225 5192; ppageno 0'>
   <div class='ocr_carea' id='block_1_1' title="bbox 234 676 1186 760">
    <p class='ocr_par' dir='ltr' id='par_1_1' title="bbox 234 676 1186 760">
     <span class='ocr_line' id='line_1_1' title="bbox 234 676 1186 760; baseline 0.005 -21"><span class='ocrx_word' id='word_1_1' title='bbox 234 698 303 742; x_wconf 66' lang='lat' dir='ltr'>nc.</span> <span class='ocrx_word' id='word_1_2' title='bbox 321 676 518 760; x_wconf 60' lang='lat' dir='ltr'>nra-61]</span> <span class='ocrx_word' id='word_1_3' title='bbox 568 696 863 742; x_wconf 82' lang='lat' dir='ltr'>nrarrounrnrssrs</span> <span class='ocrx_word' id='word_1_4' title='bbox 879 697 1057 744; x_wconf 77' lang='lat' dir='ltr'>arrsroaa.</span> <span class='ocrx_word' id='word_1_5' title='bbox 1125 682 1186 744; x_wconf 79' lang='lat'>125</span> 
     </span>
    </p>
   </div>
   <div class='ocr_carea' id='block_1_2' title="bbox 223 858 1185 3941">
    <p class='ocr_par' dir='ltr' id='par_1_2' title="bbox 352 858 1067 925">
     <span class='ocr_line' id='line_1_2' title="bbox 352 858 1067 925; baseline 0 -2"><span class='ocrx_word' id='word_1_6' title='bbox 352 896 364 904; x_wconf 93' lang='lat'><em>—</em></span> <span class='ocrx_word' id='word_1_7' title='bbox 400 859 621 925; x_wconf 83' lang='lat' dir='ltr'><strong>EPISTOLA</strong></span> <span class='ocrx_word' id='word_1_8' title='bbox 643 858 896 923; x_wconf 71' lang='lat' dir='ltr'>xcvm-rn</span> <span class='ocrx_word' id='word_1_9' title='bbox 912 881 1067 924; x_wconf 80' lang='lat' dir='ltr'>nunonis.</span> 
     </span>
    </p>

    <p class='ocr_par' dir='ltr' id='par_1_3' title="bbox 234 956 1182 1053">
     <span class='ocr_line' id='line_1_3' title="bbox 234 956 1182 1053; baseline 0.001 -21"><span class='ocrx_word' id='word_1_10' title='bbox 234 970 364 1034; x_wconf 77' lang='lat' dir='ltr'>Domino</span> <span class='ocrx_word' id='word_1_11' title='bbox 393 977 424 1035; x_wconf 85' lang='lat' dir='ltr'>et</span> <span class='ocrx_word' id='word_1_12' title='bbox 446 972 537 1053; x_wconf 79' lang='lat' dir='ltr'>patri</span> <span class='ocrx_word' id='word_1_13' title='bbox 565 992 620 1035; x_wconf 84' lang='lat' dir='ltr'>suo</span> <span class='ocrx_word' id='word_1_14' title='bbox 649 956 765 1035; x_wconf 70' lang='lat' dir='ltr'>summo</span> <span class='ocrx_word' id='word_1_15' title='bbox 787 971 932 1053; x_wconf 77' lang='lat' dir='ltr'>pontifici</span> <span class='ocrx_word' id='word_1_16' title='bbox 952 971 994 1033; x_wconf 81' lang='lat' dir='ltr'>E.</span> <span class='ocrx_word' id='word_1_17' title='bbox 1009 971 1119 1051; x_wconf 83' lang='lat' dir='ltr'>frater</span> <span class='ocrx_word' id='word_1_18' title='bbox 1144 971 1182 1034; x_wconf 84' lang='lat' dir='ltr'>G.</span> 
     </span>
    </p>

    <p class='ocr_par' dir='ltr' id='par_1_4' title="bbox 275 1072 1185 1156">
     <span class='ocr_line' id='line_1_4' title="bbox 275 1072 1185 1156; baseline 0.002 -21"><span class='ocrx_word' id='word_1_19' title='bbox 275 1072 524 1153; x_wconf 82' lang='lat' dir='ltr'>Heresordr&#39;ensis</span> <span class='ocrx_word' id='word_1_20' title='bbox 549 1075 682 1137; x_wconf 74' lang='lat' dir='ltr'>ecclesie</span> <span class='ocrx_word' id='word_1_21' title='bbox 707 1074 857 1152; x_wconf 77' lang='lat' dir='ltr'>minister,</span> <span class='ocrx_word' id='word_1_22' title='bbox 883 1074 1004 1137; x_wconf 71' lang='lat' dir='ltr'>atem</span> <span class='ocrx_word' id='word_1_23' title='bbox 1027 1074 1098 1137; x_wconf 78' lang='lat' dir='ltr'>cite</span> <span class='ocrx_word' id='word_1_24' title='bbox 1117 1076 1185 1156; x_wconf 74' lang='lat' dir='ltr'>plo-</span> 
     </span>
    </p>

    <p class='ocr_par' dir='ltr' id='par_1_5' title="bbox 276 1173 1172 1257">
     <span class='ocr_line' id='line_1_5' title="bbox 276 1173 1172 1257; baseline 0.01 -21"><span class='ocrx_word' id='word_1_25' title='bbox 276 1173 503 1257; x_wconf 76' lang='lat' dir='ltr'>ricmsels&#39;citer</span> <span class='ocrx_word' id='word_1_26' title='bbox 517 1176 659 1257; x_wconf 66' lang='grc' dir='ltr'><strong><em>αᾱὶρίεσί.</em></strong></span> <span class='ocrx_word' id='word_1_27' title='bbox 1169 1202 1172 1208; x_wconf 84' lang='grc'><strong>’</strong></span> 
     </span>
    </p>

    <p class='ocr_par' dir='ltr' id='par_1_6' title="bbox 223 1301 1184 3941">
     <span class='ocr_line' id='line_1_6' title="bbox 276 1301 1182 1386; baseline 0.006 -22"><span class='ocrx_word' id='word_1_28' title='bbox 276 1301 515 1381; x_wconf 80' lang='lat' dir='ltr'>Nscassrrsrr,</span> <span class='ocrx_word' id='word_1_29' title='bbox 539 1302 655 1367; x_wconf 81' lang='lat' dir='ltr'>dilecte</span> <span class='ocrx_word' id='word_1_30' title='bbox 677 1308 770 1386; x_wconf 89' lang='lat' dir='ltr'>pater</span> <span class='ocrx_word' id='word_1_31' title='bbox 794 1303 831 1367; x_wconf 93' lang='lat' dir='ltr'>in</span> <span class='ocrx_word' id='word_1_32' title='bbox 854 1304 1005 1380; x_wconf 89' lang='lat' dir='ltr'>Domino,</span> <span class='ocrx_word' id='word_1_33' title='bbox 1032 1303 1182 1369; x_wconf 89' lang='lat' dir='ltr'>reluctari</span> 
     </span>
     <span class='ocr_line' id='line_1_7' title="bbox 233 1404 1184 1487; baseline 0.003 -21"><span class='ocrx_word' id='word_1_34' title='bbox 233 1425 299 1467; x_wconf 90' lang='lat' dir='ltr'>non</span> <span class='ocrx_word' id='word_1_35' title='bbox 309 1425 487 1487; x_wconf 88' lang='lat' dir='ltr'>possumus,</span> <span class='ocrx_word' id='word_1_36' title='bbox 500 1404 579 1487; x_wconf 90' lang='lat' dir='ltr'>quin</span> <span class='ocrx_word' id='word_1_37' title='bbox 594 1425 632 1469; x_wconf 91' lang='lat' dir='ltr'>ea</span> <span class='ocrx_word' id='word_1_38' title='bbox 643 1405 775 1467; x_wconf 86' lang='lat' dir='ltr'>caritate</span> <span class='ocrx_word' id='word_1_39' title='bbox 791 1424 865 1486; x_wconf 84' lang='lat' dir='ltr'>quae</span> <span class='ocrx_word' id='word_1_40' title='bbox 875 1404 968 1468; x_wconf 87' lang='lat' dir='ltr'>nobis</span> <span class='ocrx_word' id='word_1_41' title='bbox 983 1404 1024 1468; x_wconf 89' lang='lat' dir='ltr'>de</span> <span class='ocrx_word' id='word_1_42' title='bbox 1033 1405 1184 1469; x_wconf 72' lang='lat' dir='ltr'><strong>fraternis</strong></span> 
     </span>
     <span class='ocr_line' id='line_1_8' title="bbox 234 1506 1184 1590; baseline 0 -19"><span class='ocrx_word' id='word_1_43' title='bbox 234 1506 380 1571; x_wconf 90' lang='lat' dir='ltr'>cordibus</span> <span class='ocrx_word' id='word_1_44' title='bbox 394 1513 545 1589; x_wconf 87' lang='lat' dir='ltr'>potenter</span> <span class='ocrx_word' id='word_1_45' title='bbox 557 1506 703 1589; x_wconf 87' lang='lat' dir='ltr'>imperat,</span> <span class='ocrx_word' id='word_1_46' title='bbox 720 1506 917 1570; x_wconf 75' lang='lat' dir='ltr'><strong>obediamus.</strong></span> <span class='ocrx_word' id='word_1_47' title='bbox 952 1506 1032 1569; x_wconf 81' lang='lat' dir='ltr'>Haec</span> <span class='ocrx_word' id='word_1_48' title='bbox 1048 1513 1097 1570; x_wconf 89' lang='lat' dir='ltr'>est</span> <span class='ocrx_word' id='word_1_49' title='bbox 1112 1528 1184 1590; x_wconf 76' lang='lat' dir='ltr'>qua</span> 
     </span>
     <span class='ocr_line' id='line_1_9' title="bbox 234 1606 1182 1692; baseline 0 -20"><span class='ocrx_word' id='word_1_50' title='bbox 234 1630 292 1673; x_wconf 86' lang='lat' dir='ltr'>nos</span> <span class='ocrx_word' id='word_1_51' title='bbox 305 1608 408 1692; x_wconf 85' lang='lat' dir='ltr'>magis</span> <span class='ocrx_word' id='word_1_52' title='bbox 424 1608 610 1673; x_wconf 76' lang='lat' dir='ltr'>delitescere</span> <span class='ocrx_word' id='word_1_53' title='bbox 623 1606 799 1691; x_wconf 88' lang='lat' dir='ltr'>cupientes,</span> <span class='ocrx_word' id='word_1_54' title='bbox 815 1608 964 1690; x_wconf 83' lang='lat' dir='ltr'>producit</span> <span class='ocrx_word' id='word_1_55' title='bbox 978 1608 1014 1671; x_wconf 92' lang='lat' dir='ltr'>in</span> <span class='ocrx_word' id='word_1_56' title='bbox 1028 1609 1182 1688; x_wconf 92' lang='lat' dir='ltr'>medium,</span> 
     </span>
     <span class='ocr_line' id='line_1_10' title="bbox 234 1709 1183 1792; baseline 0.002 -19"><span class='ocrx_word' id='word_1_57' title='bbox 234 1716 271 1773; x_wconf 90' lang='lat' dir='ltr'>ut</span> <span class='ocrx_word' id='word_1_58' title='bbox 292 1710 333 1774; x_wconf 87' lang='lat' dir='ltr'>ad</span> <span class='ocrx_word' id='word_1_59' title='bbox 355 1709 552 1775; x_wconf 89' lang='lat' dir='ltr'>audientiam</span> <span class='ocrx_word' id='word_1_60' title='bbox 572 1717 720 1787; x_wconf 85' lang='lat' dir='ltr'>vestram,</span> <span class='ocrx_word' id='word_1_61' title='bbox 741 1709 793 1773; x_wconf 90' lang='lat' dir='ltr'>cui</span> <span class='ocrx_word' id='word_1_62' title='bbox 817 1709 859 1772; x_wconf 90' lang='lat' dir='ltr'>ad</span> <span class='ocrx_word' id='word_1_63' title='bbox 876 1730 1016 1792; x_wconf 70' lang='lat' dir='ltr'>presens</span> <span class='ocrx_word' id='word_1_64' title='bbox 1035 1711 1183 1775; x_wconf 75' lang='lat' dir='ltr'>assistere</span> 
     </span>
     <span class='ocr_line' id='line_1_11' title="bbox 233 1810 1184 1892; baseline 0.002 -17"><span class='ocrx_word' id='word_1_65' title='bbox 233 1834 299 1876; x_wconf 92' lang='lat' dir='ltr'>non</span> <span class='ocrx_word' id='word_1_66' title='bbox 312 1813 464 1892; x_wconf 90' lang='lat' dir='ltr'>valemus,</span> <span class='ocrx_word' id='word_1_67' title='bbox 479 1813 622 1877; x_wconf 89' lang='lat' dir='ltr'>veritatis</span> <span class='ocrx_word' id='word_1_68' title='bbox 637 1812 751 1875; x_wconf 91' lang='lat' dir='ltr'>saltem</span> <span class='ocrx_word' id='word_1_69' title='bbox 766 1811 865 1876; x_wconf 90' lang='lat' dir='ltr'>verba</span> <span class='ocrx_word' id='word_1_70' title='bbox 879 1813 1056 1876; x_wconf 86' lang='lat' dir='ltr'>mittamus.</span> <span class='ocrx_word' id='word_1_71' title='bbox 1095 1810 1184 1877; x_wconf 92' lang='lat' dir='ltr'>Hinc</span> 
     </span>
     <span class='ocr_line' id='line_1_12' title="bbox 231 1913 1182 1997; baseline 0.001 -19"><span class='ocrx_word' id='word_1_72' title='bbox 231 1915 386 1997; x_wconf 89' lang='lat' dir='ltr'>estquod</span> <span class='ocrx_word' id='word_1_73' title='bbox 410 1916 478 1979; x_wconf 89' lang='lat' dir='ltr'>viro</span> <span class='ocrx_word' id='word_1_74' title='bbox 500 1914 619 1979; x_wconf 87' lang='lat' dir='ltr'>illustri</span> <span class='ocrx_word' id='word_1_75' title='bbox 641 1921 675 1977; x_wconf 89' lang='lat' dir='ltr'>et</span> <span class='ocrx_word' id='word_1_76' title='bbox 696 1913 833 1977; x_wconf 89' lang='lat' dir='ltr'>honesto</span> <span class='ocrx_word' id='word_1_77' title='bbox 860 1913 1091 1997; x_wconf 87' lang='lat' dir='ltr'>scripturarum</span> <span class='ocrx_word' id='word_1_78' title='bbox 1112 1921 1182 1979; x_wconf 87' lang='lat' dir='ltr'>tum</span> 
     </span>
     <span class='ocr_line' id='line_1_13' title="bbox 231 2016 1180 2100; baseline 0 -19"><span class='ocrx_word' id='word_1_79' title='bbox 231 2017 410 2081; x_wconf 85' lang='lat' dir='ltr'>divinarum</span> <span class='ocrx_word' id='word_1_80' title='bbox 434 2039 531 2100; x_wconf 86' lang='lat' dir='ltr'>qnam</span> <span class='ocrx_word' id='word_1_81' title='bbox 560 2016 751 2081; x_wconf 72' lang='lat' dir='ltr'>secularium</span> <span class='ocrx_word' id='word_1_82' title='bbox 781 2016 925 2099; x_wconf 80' lang='lat' dir='ltr'>adprime</span> <span class='ocrx_word' id='word_1_83' title='bbox 951 2017 1089 2095; x_wconf 88' lang='lat' dir='ltr'>erudito,</span> <span class='ocrx_word' id='word_1_84' title='bbox 1112 2039 1180 2081; x_wconf 87' lang='lat' dir='ltr'>rna·</span> 
     </span>
     <span class='ocr_line' id='line_1_14' title="bbox 231 2116 1181 2202; baseline 0.002 -21"><span class='ocrx_word' id='word_1_85' title='bbox 231 2118 329 2199; x_wconf 63' lang='lat' dir='ltr'>p&#39;stro</span> <span class='ocrx_word' id='word_1_86' title='bbox 359 2117 479 2181; x_wconf 88' lang='lat' dir='ltr'>scilicet</span> <span class='ocrx_word' id='word_1_87' title='bbox 509 2116 693 2195; x_wconf 83' lang='lat' dir='ltr'>Godefrido,</span> <span class='ocrx_word' id='word_1_88' title='bbox 724 2117 835 2182; x_wconf 85' lang='lat' dir='ltr'>deesse</span> <span class='ocrx_word' id='word_1_89' title='bbox 864 2118 1075 2201; x_wconf 86' lang='lat' dir='ltr'>nequivimus,</span> <span class='ocrx_word' id='word_1_90' title='bbox 1102 2120 1181 2202; x_wconf 88' lang='lat' dir='ltr'>quin</span> 
     </span>
     <span class='ocr_line' id='line_1_15' title="bbox 231 2220 1180 2305; baseline 0.004 -22"><span class='ocrx_word' id='word_1_91' title='bbox 231 2220 419 2285; x_wconf 82' lang='lat' dir='ltr'>sublimitati</span> <span class='ocrx_word' id='word_1_92' title='bbox 443 2228 557 2285; x_wconf 73' lang='lat' dir='ltr'>vestre</span> <span class='ocrx_word' id='word_1_93' title='bbox 572 2242 654 2304; x_wconf 52' lang='lat' dir='ltr'>,quae</span> <span class='ocrx_word' id='word_1_94' title='bbox 676 2220 716 2284; x_wconf 90' lang='lat' dir='ltr'>de</span> <span class='ocrx_word' id='word_1_95' title='bbox 738 2220 807 2305; x_wconf 89' lang='lat' dir='ltr'>ejus</span> <span class='ocrx_word' id='word_1_96' title='bbox 829 2222 961 2303; x_wconf 84' lang='lat' dir='ltr'>negotio</span> <span class='ocrx_word' id='word_1_97' title='bbox 986 2222 1124 2285; x_wconf 89' lang='lat' dir='ltr'>vidimus</span> <span class='ocrx_word' id='word_1_98' title='bbox 1146 2230 1180 2287; x_wconf 90' lang='lat' dir='ltr'>et</span> 
     </span>
     <span class='ocr_line' id='line_1_16' title="bbox 230 2322 1176 2408; baseline 0.003 -21"><span class='ocrx_word' id='word_1_99' title='bbox 230 2324 417 2403; x_wconf 87' lang='lat' dir='ltr'>audivimus,</span> <span class='ocrx_word' id='word_1_100' title='bbox 446 2328 650 2389; x_wconf 77' lang='lat' dir='ltr'>testaremur.</span> <span class='ocrx_word' id='word_1_101' title='bbox 707 2322 873 2389; x_wconf 88' lang='lat' dir='ltr'>Willelmo</span> <span class='ocrx_word' id='word_1_102' title='bbox 909 2325 1018 2408; x_wconf 82' lang='lat' dir='ltr'>itaque</span> <span class='ocrx_word' id='word_1_103' title='bbox 1047 2326 1176 2406; x_wconf 89' lang='lat' dir='ltr'>Cumin,</span> 
     </span>
     <span class='ocr_line' id='line_1_17' title="bbox 232 2424 1181 2509; baseline 0.003 -19"><span class='ocrx_word' id='word_1_104' title='bbox 232 2426 341 2490; x_wconf 88' lang='lat' dir='ltr'>multis</span> <span class='ocrx_word' id='word_1_105' title='bbox 362 2426 565 2509; x_wconf 80' lang='lat' dir='ltr'>exigentibus</span> <span class='ocrx_word' id='word_1_106' title='bbox 588 2424 701 2505; x_wconf 80' lang='lat' dir='ltr'>caricis,</span> <span class='ocrx_word' id='word_1_107' title='bbox 716 2424 852 2489; x_wconf 89' lang='lat' dir='ltr'>vinculis</span> <span class='ocrx_word' id='word_1_108' title='bbox 874 2427 1090 2491; x_wconf 85' lang='lat' dir='ltr'>anathematis</span> <span class='ocrx_word' id='word_1_109' title='bbox 1103 2428 1181 2493; x_wconf 88' lang='lat' dir='ltr'>irre·</span> 
     </span>
     <span class='ocr_line' id='line_1_18' title="bbox 231 2527 1181 2613; baseline 0.005 -22"><span class='ocrx_word' id='word_1_110' title='bbox 231 2528 299 2607; x_wconf 90' lang='lat' dir='ltr'>tito,</span> <span class='ocrx_word' id='word_1_111' title='bbox 316 2549 417 2612; x_wconf 90' lang='lat' dir='ltr'>quum</span> <span class='ocrx_word' id='word_1_112' title='bbox 434 2529 505 2613; x_wconf 85' lang='lat' dir='ltr'>jam</span> <span class='ocrx_word' id='word_1_113' title='bbox 519 2529 591 2613; x_wconf 91' lang='lat' dir='ltr'>plus</span> <span class='ocrx_word' id='word_1_114' title='bbox 606 2550 693 2593; x_wconf 90' lang='lat' dir='ltr'>anno</span> <span class='ocrx_word' id='word_1_115' title='bbox 707 2527 836 2611; x_wconf 81' lang='lat' dir='ltr'>integro</span> <span class='ocrx_word' id='word_1_116' title='bbox 850 2529 910 2592; x_wconf 84' lang='lat' dir='ltr'>sub</span> <span class='ocrx_word' id='word_1_117' title='bbox 925 2530 1039 2593; x_wconf 88' lang='lat' dir='ltr'>eodem</span> <span class='ocrx_word' id='word_1_118' title='bbox 1053 2530 1181 2596; x_wconf 72' lang='lat' dir='ltr'>ducale</span> 
     </span>
     <span class='ocr_line' id='line_1_19' title="bbox 230 2629 1182 2715; baseline 0.003 -21"><span class='ocrx_word' id='word_1_119' title='bbox 230 2630 429 2713; x_wconf 87' lang='lat' dir='ltr'>perstitisset,</span> <span class='ocrx_word' id='word_1_120' title='bbox 439 2652 603 2715; x_wconf 90' lang='lat' dir='ltr'>quumque</span> <span class='ocrx_word' id='word_1_121' title='bbox 615 2652 690 2695; x_wconf 91' lang='lat' dir='ltr'>enm</span> <span class='ocrx_word' id='word_1_122' title='bbox 702 2632 791 2695; x_wconf 91' lang='lat' dir='ltr'>omni</span> <span class='ocrx_word' id='word_1_123' title='bbox 803 2632 1016 2700; x_wconf 88' lang='lat' dir='ltr'>ecclesiastico</span> <span class='ocrx_word' id='word_1_124' title='bbox 1027 2629 1182 2697; x_wconf 76' lang='lat' dir='ltr'>heneficm</span> 
     </span>
     <span class='ocr_line' id='line_1_20' title="bbox 229 2733 1180 2819; baseline 0.002 -23"><span class='ocrx_word' id='word_1_125' title='bbox 229 2733 385 2815; x_wconf 79' lang='lat' dir='ltr'>generalis</span> <span class='ocrx_word' id='word_1_126' title='bbox 404 2734 531 2798; x_wconf 90' lang='lat' dir='ltr'>concilii</span> <span class='ocrx_word' id='word_1_127' title='bbox 549 2734 730 2819; x_wconf 87' lang='lat' dir='ltr'>jurisdictio</span> <span class='ocrx_word' id='word_1_128' title='bbox 753 2734 927 2819; x_wconf 85' lang='lat' dir='ltr'>spoliasset,</span> <span class='ocrx_word' id='word_1_129' title='bbox 944 2734 1094 2799; x_wconf 88' lang='lat' dir='ltr'>dominus</span> <span class='ocrx_word' id='word_1_130' title='bbox 1111 2734 1180 2798; x_wconf 89' lang='lat' dir='ltr'>Wi-</span> 
     </span>
     <span class='ocr_line' id='line_1_21' title="bbox 228 2836 1180 2920; baseline 0.001 -21"><span class='ocrx_word' id='word_1_131' title='bbox 228 2836 406 2919; x_wconf 84' lang='lat' dir='ltr'>gorniensis</span> <span class='ocrx_word' id='word_1_132' title='bbox 428 2836 560 2901; x_wconf 90' lang='lat' dir='ltr'>consilio</span> <span class='ocrx_word' id='word_1_133' title='bbox 581 2836 803 2919; x_wconf 83' lang='lat' dir='ltr'>religiosorum</span> <span class='ocrx_word' id='word_1_134' title='bbox 824 2836 975 2914; x_wconf 88' lang='lat' dir='ltr'>virorum,</span> <span class='ocrx_word' id='word_1_135' title='bbox 991 2837 1180 2920; x_wconf 76' lang='lat' dir='ltr'>praedictum</span> 
     </span>
     <span class='ocr_line' id='line_1_22' title="bbox 228 2936 1180 3004; baseline 0.001 -3"><span class='ocrx_word' id='word_1_136' title='bbox 228 2936 440 3001; x_wconf 84' lang='lat' dir='ltr'>Godcfridum</span> <span class='ocrx_word' id='word_1_137' title='bbox 465 2938 726 3003; x_wconf 88' lang='lat' dir='ltr'>archidiaconatu</span> <span class='ocrx_word' id='word_1_138' title='bbox 756 2960 815 3003; x_wconf 91' lang='lat' dir='ltr'>suc</span> <span class='ocrx_word' id='word_1_139' title='bbox 838 2938 1002 3004; x_wconf 82' lang='lat' dir='ltr'>investivit</span> <span class='ocrx_word' id='word_1_140' title='bbox 1028 2938 1180 3002; x_wconf 73' lang='lat' dir='ltr'>ecclcsiae-</span> 
     </span>
     <span class='ocr_line' id='line_1_23' title="bbox 228 3039 1178 3123; baseline 0.003 -21"><span class='ocrx_word' id='word_1_141' title='bbox 228 3059 288 3122; x_wconf 90' lang='lat' dir='ltr'>que</span> <span class='ocrx_word' id='word_1_142' title='bbox 304 3059 371 3103; x_wconf 79' lang='lat' dir='ltr'>suae</span> <span class='ocrx_word' id='word_1_143' title='bbox 385 3040 640 3105; x_wconf 85' lang='lat' dir='ltr'>archidiaconem</span> <span class='ocrx_word' id='word_1_144' title='bbox 655 3039 804 3123; x_wconf 87' lang='lat' dir='ltr'>religiosa</span> <span class='ocrx_word' id='word_1_145' title='bbox 819 3040 987 3105; x_wconf 87' lang='lat' dir='ltr'>devotione</span> <span class='ocrx_word' id='word_1_146' title='bbox 999 3041 1178 3106; x_wconf 89' lang='lat' dir='ltr'>constituit.</span> 
     </span>
     <span class='ocr_line' id='line_1_24' title="bbox 228 3140 1179 3226; baseline 0.005 -22"><span class='ocrx_word' id='word_1_147' title='bbox 228 3140 354 3205; x_wconf 80' lang='lat' dir='ltr'>Scimus</span> <span class='ocrx_word' id='word_1_148' title='bbox 369 3162 444 3205; x_wconf 91' lang='lat' dir='ltr'>eum</span> <span class='ocrx_word' id='word_1_149' title='bbox 465 3142 500 3205; x_wconf 88' lang='lat' dir='ltr'>in</span> <span class='ocrx_word' id='word_1_150' title='bbox 525 3142 638 3207; x_wconf 89' lang='lat' dir='ltr'>eodem</span> <span class='ocrx_word' id='word_1_151' title='bbox 652 3142 756 3207; x_wconf 90' lang='lat' dir='ltr'>officio</span> <span class='ocrx_word' id='word_1_152' title='bbox 774 3142 922 3225; x_wconf 84' lang='lat' dir='ltr'>religiose</span> <span class='ocrx_word' id='word_1_153' title='bbox 943 3142 1129 3226; x_wconf 87' lang='lat' dir='ltr'>perstitisse,</span> <span class='ocrx_word' id='word_1_154' title='bbox 1145 3150 1179 3209; x_wconf 90' lang='lat' dir='ltr'>et</span> 
     </span>
     <span class='ocr_line' id='line_1_25' title="bbox 226 3240 1178 3328; baseline 0.004 -23"><span class='ocrx_word' id='word_1_155' title='bbox 226 3262 296 3325; x_wconf 77' lang='lat' dir='ltr'>quaa</span> <span class='ocrx_word' id='word_1_156' title='bbox 310 3240 352 3305; x_wconf 88' lang='lat' dir='ltr'>ad</span> <span class='ocrx_word' id='word_1_157' title='bbox 366 3263 477 3307; x_wconf 89' lang='lat' dir='ltr'>curam</span> <span class='ocrx_word' id='word_1_158' title='bbox 492 3243 561 3326; x_wconf 90' lang='lat' dir='ltr'>ejus</span> <span class='ocrx_word' id='word_1_159' title='bbox 581 3245 779 3327; x_wconf 84' lang='lat' dir='ltr'>spectabant,</span> <span class='ocrx_word' id='word_1_160' title='bbox 796 3244 974 3328; x_wconf 83' lang='lat' dir='ltr'>prudenter</span> <span class='ocrx_word' id='word_1_161' title='bbox 987 3250 1022 3308; x_wconf 91' lang='lat' dir='ltr'>et</span> <span class='ocrx_word' id='word_1_162' title='bbox 1041 3244 1178 3309; x_wconf 88' lang='lat' dir='ltr'>discrete</span> 
     </span>
     <span class='ocr_line' id='line_1_26' title="bbox 224 3344 1178 3429; baseline 0.004 -22"><span class='ocrx_word' id='word_1_163' title='bbox 224 3344 432 3409; x_wconf 85' lang='lat' dir='ltr'>ministrasse.</span> <span class='ocrx_word' id='word_1_164' title='bbox 485 3346 611 3409; x_wconf 83' lang='lat' dir='ltr'>Scimus</span> <span class='ocrx_word' id='word_1_165' title='bbox 640 3347 739 3411; x_wconf 88' lang='lat' dir='ltr'>etiam</span> <span class='ocrx_word' id='word_1_166' title='bbox 767 3346 875 3429; x_wconf 89' lang='lat' dir='ltr'>ipsum</span> <span class='ocrx_word' id='word_1_167' title='bbox 904 3347 1008 3411; x_wconf 89' lang='lat' dir='ltr'>eidem</span> <span class='ocrx_word' id='word_1_168' title='bbox 1037 3347 1178 3411; x_wconf 77' lang='lat' dir='ltr'>ccclesias</span> 
     </span>
     <span class='ocr_line' id='line_1_27' title="bbox 223 3437 1179 3525; baseline 0.002 -14"><span class='ocrx_word' id='word_1_169' title='bbox 223 3448 291 3512; x_wconf 81' lang='lat' dir='ltr'>tore</span> <span class='ocrx_word' id='word_1_170' title='bbox 313 3448 538 3525; x_wconf 86' lang='lat' dir='ltr'>necessarium,</span> <span class='ocrx_word' id='word_1_171' title='bbox 553 3454 586 3513; x_wconf 89' lang='lat' dir='ltr'>et</span> <span class='ocrx_word' id='word_1_172' title='bbox 601 3450 638 3513; x_wconf 94' lang='lat' dir='ltr'>in</span> <span class='ocrx_word' id='word_1_173' title='bbox 652 3470 689 3514; x_wconf 91' lang='lat' dir='ltr'>eo</span> <span class='ocrx_word' id='word_1_174' title='bbox 704 3471 771 3514; x_wconf 92' lang='lat' dir='ltr'>non</span> <span class='ocrx_word' id='word_1_175' title='bbox 787 3450 891 3515; x_wconf 90' lang='lat' dir='ltr'>solum</span> <span class='ocrx_word' id='word_1_176' title='bbox 912 3450 1013 3514; x_wconf 89' lang='lat' dir='ltr'>immo</span> <span class='ocrx_word' id='word_1_177' title='bbox 1027 3457 1061 3513; x_wconf 91' lang='lat' dir='ltr'>et</span> <span class='ocrx_word' id='word_1_178' title='bbox 1075 3437 1179 3513; x_wconf 84' lang='lat' dir='ltr'>multo</span> 
     </span>
     <span class='ocr_line' id='line_1_28' title="bbox 226 3550 1179 3636; baseline 0.002 -23"><span class='ocrx_word' id='word_1_179' title='bbox 226 3550 362 3633; x_wconf 88' lang='lat' dir='ltr'>amplius</span> <span class='ocrx_word' id='word_1_180' title='bbox 382 3550 506 3615; x_wconf 90' lang='lat' dir='ltr'>salvum</span> <span class='ocrx_word' id='word_1_181' title='bbox 526 3572 594 3617; x_wconf 92' lang='lat' dir='ltr'>esse</span> <span class='ocrx_word' id='word_1_182' title='bbox 617 3552 821 3617; x_wconf 87' lang='lat' dir='ltr'>beneficium.</span> <span class='ocrx_word' id='word_1_183' title='bbox 867 3553 973 3616; x_wconf 86' lang='lat' dir='ltr'>Detur</span> <span class='ocrx_word' id='word_1_184' title='bbox 992 3552 1119 3636; x_wconf 82' lang='lat' dir='ltr'>[igitur]</span> <span class='ocrx_word' id='word_1_185' title='bbox 1142 3552 1179 3615; x_wconf 92' lang='lat' dir='ltr'>in</span> 
     </span>
     <span class='ocr_line' id='line_1_29' title="bbox 224 3639 1179 3737; baseline 0.005 -24"><span class='ocrx_word' id='word_1_186' title='bbox 224 3650 285 3715; x_wconf 91' lang='lat' dir='ltr'>hoc</span> <span class='ocrx_word' id='word_1_187' title='bbox 315 3639 539 3731; x_wconf 78' lang='lat' dir='ltr'>consideratio,</span> <span class='ocrx_word' id='word_1_188' title='bbox 569 3660 608 3717; x_wconf 90' lang='lat' dir='ltr'>ut</span> <span class='ocrx_word' id='word_1_189' title='bbox 638 3674 763 3737; x_wconf 88' lang='lat' dir='ltr'>semper</span> <span class='ocrx_word' id='word_1_190' title='bbox 790 3654 909 3719; x_wconf 87' lang='lat' dir='ltr'>habeat</span> <span class='ocrx_word' id='word_1_191' title='bbox 941 3654 1179 3719; x_wconf 87' lang='lat' dir='ltr'>incrementum</span> 
     </span>
     <span class='ocr_line' id='line_1_30' title="bbox 224 3750 1177 3841; baseline 0.007 -26"><span class='ocrx_word' id='word_1_192' title='bbox 224 3750 326 3835; x_wconf 84' lang='lat' dir='ltr'>gloria</span> <span class='ocrx_word' id='word_1_193' title='bbox 339 3759 456 3832; x_wconf 87' lang='lat' dir='ltr'>vestra,</span> <span class='ocrx_word' id='word_1_194' title='bbox 471 3754 718 3839; x_wconf 86' lang='lat' dir='ltr'>concipiantque</span> <span class='ocrx_word' id='word_1_195' title='bbox 737 3756 857 3821; x_wconf 89' lang='lat' dir='ltr'>honam</span> <span class='ocrx_word' id='word_1_196' title='bbox 877 3777 977 3840; x_wconf 90' lang='lat' dir='ltr'>spem,</span> <span class='ocrx_word' id='word_1_197' title='bbox 993 3756 1049 3841; x_wconf 91' lang='lat' dir='ltr'>qui</span> <span class='ocrx_word' id='word_1_198' title='bbox 1069 3778 1177 3822; x_wconf 89' lang='lat' dir='ltr'>recur-</span> 
     </span>
     <span class='ocr_line' id='line_1_31' title="bbox 227 3852 1179 3941; baseline 0.007 -24"><span class='ocrx_word' id='word_1_199' title='bbox 227 3861 304 3918; x_wconf 90' lang='lat' dir='ltr'>runt</span> <span class='ocrx_word' id='word_1_200' title='bbox 316 3852 357 3917; x_wconf 90' lang='lat' dir='ltr'>ad</span> <span class='ocrx_word' id='word_1_201' title='bbox 368 3876 433 3934; x_wconf 83' lang='lat' dir='ltr'>vos,</span> <span class='ocrx_word' id='word_1_202' title='bbox 443 3854 611 3920; x_wconf 88' lang='lat' dir='ltr'>obtinendi</span> <span class='ocrx_word' id='word_1_203' title='bbox 622 3858 790 3921; x_wconf 89' lang='lat' dir='ltr'>consilium</span> <span class='ocrx_word' id='word_1_204' title='bbox 803 3858 923 3941; x_wconf 89' lang='lat' dir='ltr'>pariter</span> <span class='ocrx_word' id='word_1_205' title='bbox 934 3865 967 3924; x_wconf 89' lang='lat' dir='ltr'>et</span> <span class='ocrx_word' id='word_1_206' title='bbox 978 3860 1133 3924; x_wconf 85' lang='lat' dir='ltr'>auxilinm</span> <span class='ocrx_word' id='word_1_207' title='bbox 1143 3859 1179 3923; x_wconf 91' lang='lat' dir='ltr'>in</span> 
     </span>
    </p>
   </div>
   <div class='ocr_carea' id='block_1_3' title="bbox 225 3955 1313 4155">
    <p class='ocr_par' dir='ltr' id='par_1_7' title="bbox 225 3955 1313 4155">
     <span class='ocr_line' id='line_1_32' title="bbox 225 3955 1313 4043; baseline 0.005 -22"><span class='ocrx_word' id='word_1_208' title='bbox 225 3957 286 4037; x_wconf 89' lang='lat' dir='ltr'>his,</span> <span class='ocrx_word' id='word_1_209' title='bbox 301 3959 389 4023; x_wconf 86' lang='lat' dir='ltr'>unde</span> <span class='ocrx_word' id='word_1_210' title='bbox 403 3967 575 4025; x_wconf 89' lang='lat' dir='ltr'>recurrunt</span> <span class='ocrx_word' id='word_1_211' title='bbox 589 3958 705 4023; x_wconf 91' lang='lat' dir='ltr'>advos.</span> <span class='ocrx_word' id='word_1_212' title='bbox 744 3961 786 4025; x_wconf 91' lang='lat' dir='ltr'>In</span> <span class='ocrx_word' id='word_1_213' title='bbox 800 3960 1040 4043; x_wconf 85' lang='lat' dir='ltr'>longitudinem</span> <span class='ocrx_word' id='word_1_214' title='bbox 1054 3961 1179 4026; x_wconf 89' lang='lat' dir='ltr'>dierum</span> <span class='ocrx_word' id='word_1_215' title='bbox 1310 3955 1313 3967; x_wconf 82' lang='lat'>&#39;</span> 
     </span>
     <span class='ocr_line' id='line_1_33' title="bbox 225 4060 1178 4155; baseline 0 -30"><span class='ocrx_word' id='word_1_216' title='bbox 225 4060 1178 4155; x_wconf 82' lang='lat' dir='ltr'>vosprctegstomnipotensDominus,dilectepater.Amen.</span> 
     </span>
    </p>
   </div>
   <div class='ocr_carea' id='block_1_4' title="bbox 227 4178 1181 4449">
    <p class='ocr_par' dir='ltr' id='par_1_8' title="bbox 227 4178 1181 4449">
     <span class='ocr_line' id='line_1_34' title="bbox 227 4178 1181 4262; baseline -0.009 -14"><span class='ocrx_word' id='word_1_217' title='bbox 227 4183 288 4260; x_wconf 52' lang='grc' dir='ltr'>*ιι*</span> <span class='ocrx_word' id='word_1_218' title='bbox 310 4180 460 4262; x_wconf 55' lang='lat' dir='ltr'>Epistola</span> <span class='ocrx_word' id='word_1_219' title='bbox 478 4182 522 4245; x_wconf 85' lang='grc'>97</span> <span class='ocrx_word' id='word_1_220' title='bbox 537 4187 568 4245; x_wconf 82' lang='lat' dir='ltr'>et</span> <span class='ocrx_word' id='word_1_221' title='bbox 587 4182 631 4244; x_wconf 84' lang='lat'>98</span> <span class='ocrx_word' id='word_1_222' title='bbox 651 4180 762 4244; x_wconf 78' lang='lat' dir='ltr'>eedem</span> <span class='ocrx_word' id='word_1_223' title='bbox 775 4185 848 4243; x_wconf 77' lang='lat' dir='ltr'>mat</span> <span class='ocrx_word' id='word_1_224' title='bbox 862 4200 930 4243; x_wconf 79' lang='lat' dir='ltr'>cara</span> <span class='ocrx_word' id='word_1_225' title='bbox 942 4182 1025 4243; x_wconf 82' lang='lat' dir='ltr'>1⁷et</span> <span class='ocrx_word' id='word_1_226' title='bbox 1043 4180 1102 4241; x_wconf 83' lang='lat'>18:</span> <span class='ocrx_word' id='word_1_227' title='bbox 1123 4178 1181 4240; x_wconf 85' lang='lat' dir='ltr'>sed</span> 
     </span>
     <span class='ocr_line' id='line_1_35' title="bbox 263 4282 1177 4365; baseline -0.008 -18"><span class='ocrx_word' id='word_1_228' title='bbox 263 4288 395 4363; x_wconf 79' lang='lat' dir='ltr'>propter</span> <span class='ocrx_word' id='word_1_229' title='bbox 422 4282 633 4365; x_wconf 68' lang='lat' dir='ltr'>sumptionis</span> <span class='ocrx_word' id='word_1_230' title='bbox 661 4282 881 4354; x_wconf 68' lang='lat' dir='ltr'>diversitatem⁴</span> <span class='ocrx_word' id='word_1_231' title='bbox 898 4282 1011 4345; x_wconf 69' lang='lat' dir='ltr'>deum</span> <span class='ocrx_word' id='word_1_232' title='bbox 1042 4298 1096 4342; x_wconf 84' lang='lat' dir='ltr'>ecs</span> <span class='ocrx_word' id='word_1_233' title='bbox 1123 4297 1177 4341; x_wconf 79' lang='lat' dir='ltr'>ea·-</span> 
     </span>
     <span class='ocr_line' id='line_1_36' title="bbox 267 4385 412 4449; baseline -0.007 0"><span class='ocrx_word' id='word_1_234' title='bbox 267 4385 412 4449; x_wconf 73' lang='lat' dir='ltr'>tibrum.</span> 
     </span>
    </p>
   </div>
   <div class='ocr_carea' id='block_1_5' title="bbox 0 0 1618 5192">
    <p class='ocr_par' dir='ltr' id='par_1_9' title="bbox 0 0 1618 5192">
     <span class='ocr_line' id='line_1_37' title="bbox 0 0 1618 5192; baseline 0 3"><span class='ocrx_word' id='word_1_235' title='bbox 0 0 1618 5192; x_wconf 95' lang='lat' dir='ltr'> </span> 
     </span>
    </p>
   </div>
  </div>
 </body>
</html>
