3225 5192
278 681 561 769 s.n.1139-48.]
611 701 825 745 omousrarn
840 700 1015 747 semrom.
1190 685 1232 748 91

278 819 348 899 bus,
376 817 547 883 bominum
578 816 676 881 etiam
705 823 891 881 nostrorum
915 817 1232 897 incarcerationibus,

278 942 449 1005 rerumque
479 918 723 1005 direptionibus,
746 918 834 1003 quod
862 940 931 983 non
955 919 1121 1002 rapuimus
1150 920 1233 983 mul-

278 1024 380 1108 tiplici
409 1024 564 1088 servitute
594 1022 753 1085 exsolvere
783 1020 1015 1104 compellimur.
1069 1021 1234 1089 Quoniam

280 1130 388 1211 itaque
403 1127 575 1191 manifesta
594 1132 672 1189 sunt
690 1124 760 1189 haee
778 1123 848 1209 jam
865 1126 998 1210 jamque
1015 1125 1057 1189 sd
1074 1125 1233 1209 judicium

279 1230 502 1317 praecedentia,
527 1249 678 1311 rogamus
702 1228 730 1290 si
754 1227 870 1310 placet,
891 1234 931 1291 ut
955 1227 1049 1291 nobis
1071 1227 1233 1313 justitiam

283 1354 375 1417 super
395 1332 447 1395 his
470 1330 657 1409 exhibeatis,
672 1330 840 1413 ipsamque
861 1328 1043 1394 exhibendo
1065 1351 1085 1393 a
1102 1336 1234 1413 peccato

281 1437 375 1520 ipsos,
389 1456 449 1501 nos
464 1434 505 1500 ab
519 1434 724 1501 incommodo
739 1432 929 1500 defendatis
974 1432 1101 1499 Valete.

301 1762 522 1828 EPISTOIrA
543 1760 772 1825 exau-sn
789 1780 1013 1842 urrunnun,
1026 1780 1218 1827 tonsurus

584 1884 626 1927 rr
641 1882 751 1927 carru.
769 1884 795 1927 s.
808 1882 929 1927 navrn.

284 2018 396 2081 Frater
415 2017 452 2080 G.
465 2017 574 2100 pratia
595 2016 658 2080 Dei
684 2016 861 2080 Gloeeetriae
884 2017 986 2080 dictio
1005 2018 1110 2098 obbas,
1125 2020 1235 2083 amieis

325 2123 390 2185 usis
413 2122 576 2185 Hierwrdc
601 2121 742 2185 soniste
770 2120 905 2183 ecclesie
933 2122 1035 2185 sancti
1063 2124 1177 2203 David,
1203 2128 1235 2187 et

325 2226 473 2307 moyistro
482 2224 629 2303 Jobauoi,
646 2228 676 2287 et
690 2229 754 2288 toto
766 2226 911 2307 capitulo,
923 2227 1054 2290 salutem
1068 2234 1099 2291 et
1114 2228 1234 2292 dilecti-

326 2348 420 2391 ouen.

326 2482 512 2544 Srrnsuus
534 2482 674 2543 vestram
699 2499 766 2543 non
787 2479 889 2545 latere
907 2480 1125 2563 prudentiam,
1148 2484 1235 2566 quod

285 2583 474 2648 mandatum
492 2581 692 2647 mandatoris
710 2604 800 2647 more
819 2583 942 2649 finitur.
987 2583 1086 2649 Unde
1100 2583 1129 2648 ai
1142 2606 1234 2650 man·

284 2686 395 2751 dutum
410 2684 540 2768 aliquod
555 2684 716 2751 adomino
730 2692 764 2751 et
778 2693 871 2770 patre
884 2692 991 2751 vestro
1004 2686 1100 2751 bonas
1114 2709 1234 2753 memo-

283 2789 340 2853 rias
355 2788 504 2873 episcopo
525 2786 701 2875 Bernardo‚
717 2809 814 2871 super
833 2810 930 2853 csusa
952 2810 1024 2873 quae
1045 2790 1237 2855 deecclesia

203 2958 206 2961 .
284 2891 386 2956 sancti
410 2890 565 2967 Ismaelis,
579 2891 666 2955 inter
683 2912 742 2955 nos
762 2897 796 2957 et
816 2892 989 2957 monachos
1009 2892 1050 2957 de
1069 2893 1237 2958 Cerneleia

283 2995 467 3073 ventilatur,
487 3000 614 3059 constat
635 2994 727 3074 illud,
741 2994 906 3060 re'adhuc
926 3004 1079 3061 manente
1097 2997 1235 3078 integra,

285 3099 423 3183 episcopi
437 3098 581 3182 ejusdem
593 3084 726 3163 decessu
737 3098 907 3181 expirasse.
930 3099 1001 3164 Nos
1015 3101 1124 3184 itaque
1134 3121 1235 3183 quum

284 3222 339 3265 vos
354 3200 494 3266 adeundi
513 3222 607 3284 super
626 3200 688 3265 hoc
707 3186 800 3265 nsrlla
812 3209 907 3285 cogat
926 3203 1108 3282 necessitas,
1124 3210 1235 3268 monet

220 3346 222 3349 -
282 3310 393 3368 tamen
411 3304 559 3369 voluntas
589 3309 622 3367 et
652 3303 766 3382 suadet
794 3304 947 3383 amicitis,
969 3312 1113 3371 restrum
1138 3327 1235 3391 super

284 3406 395 3470 esdem
419 3427 516 3471 caum
537 3406 708 3490 judicium,
732 3407 760 3471 si
781 3406 871 3472 vobis
896 3414 1028 3472 tantum
1049 3409 1235 3493 injunctum

288 3514 347 3588 est,
363 3516 420 3573 aut
440 3509 482 3573 ad
498 3516 642 3574 vestrum
659 3517 783 3594 spectat
802 3510 953 3589 officium,
973 3532 1041 3575 non
1063 3510 1233 3576 declinere.

287 3611 351 3676 Sed
374 3612 450 3695 quia
470 3612 616 3677 confecto
638 3633 744 3697 nuper
765 3612 895 3697 fatigati
919 3634 1032 3678 sumus
1055 3614 1181 3692 itinere,
1201 3620 1235 3677 et

285 3716 422 3799 negotiis
442 3716 569 3781 domini
591 3738 692 3800 papae,
712 3738 780 3781 non
804 3718 908 3781 solum
932 3717 1058 3800 magnis
1080 3718 1181 3782 immo
1202 3724 1236 3781 et

285 3819 395 3883 multis
410 3840 614 3903 occupamur,
628 3841 780 3903 rogamus
795 3827 834 3884 ut
848 3820 890 3886 ob
908 3820 1010 3904 ipsius
1023 3821 1249 3885 reverentiam·

285 3940 343 3985 nos
367 3928 400 3985 et
421 3928 533 3985 nostra
553 3922 589 3985 in
610 3923 763 4006 praesenti
784 3944 863 4006 psce
885 3943 955 3987 esse
979 3923 1183 4006 permittatis,
1202 3930 1236 3987 et

285 4030 476 4107 presentem
500 4025 661 4089 actionem
686 4046 788 4108 usque
813 4026 855 4089 ad
880 4026 1019 4110 episcopi
1043 4026 1079 4090 in
1103 4025 1238 4091 eeclesia

285 4134 389 4191 vestra
409 4125 674 4192 substitutionem
694 4128 859 4193 differatis.
903 4129 1029 4209 Valete,
1044 4136 1079 4209 et
1096 4128 1236 4193 amicum

282 4228 368 4312 justa
382 4230 601 4315 postulantem
616 4230 726 4296 audire
741 4252 807 4295 non
822 4232 946 4297 omitte.
1033 4260 1044 4278 .
