3225 5192
261 733 328 775 au.
346 714 544 799 lue-cu]
598 735 1088 788 unsaronnreusrssrrsnoen.
1153 727 1217 791 177

261 846 376 928 fuerat,
396 848 522 934 inipso
541 848 703 917 vindicare
725 860 760 917 et
777 854 893 937 punire
913 856 1079 924 debueras.
1125 861 1218 926 Bella

262 955 343 1031 mihi
357 956 398 1020 R.
414 978 534 1022 moves.
577 958 679 1023 Plane
697 960 759 1025 tibi
778 962 860 1027 illud
878 965 1065 1049 respondeo,
1081 987 1149 1030 non
1166 973 1217 1030 est

261 1058 341 1123 mihi
362 1060 559 1126 tibiatanti.
606 1063 699 1128 Onus
721 1065 811 1145 mihi,
832 1088 898 1131 nou
921 1068 1077 1135 honorem
1092 1070 1217 1135 aestimo

263 1160 375 1227 alienis
389 1163 547 1247 implicari
561 1167 710 1249 negotiis.
745 1167 947 1253 Obsequium
961 1172 1043 1236 mihi
1056 1172 1216 1256 praestitit,

263 1264 319 1349 qui
338 1287 391 1331 me
411 1266 487 1333 huic
501 1288 588 1333 curae
604 1269 768 1335 subduxit.
813 1273 926 1356 Agant
940 1296 1060 1358 magna
1073 1297 1132 1340 sua
1147 1277 1216 1360 qui-

261 1368 324 1433 bus
339 1371 509 1437 commissa
522 1378 610 1451 sunt,
625 1372 705 1437 mihi
720 1396 824 1457 pauca
837 1398 911 1440 mea
924 1379 1093 1456 sufficient,
1107 1380 1216 1443 felices

262 1472 334 1539 illos
363 1496 423 1539 sua
448 1482 625 1559 sequautur
649 1477 827 1558 praeconia:
854 1478 936 1541 mihi
959 1501 1085 1565 semper
1107 1482 1217 1545 auimo

262 1577 384 1657 sedeat,
399 1584 457 1643 aut
476 1578 575 1643 nullis
595 1587 653 1643 aut
666 1579 749 1643 veris
768 1580 919 1646 laudibus
937 1582 1100 1647 delectari.
1143 1585 1216 1669 Age
1285 1629 1292 1642 .

261 1700 339 1764 ergo
361 1688 394 1745 et
415 1703 468 1747 me
490 1682 701 1748 lacerantium
717 1682 870 1747 dentibus
883 1685 963 1769 jam,
978 1686 1006 1749 si
1023 1686 1140 1770 placet,
1154 1688 1216 1751 eri·

261 1783 340 1867 pias,
356 1785 460 1869 etqui
479 1784 556 1849 mali
576 1785 623 1850 nil
643 1787 757 1866 merui,
774 1788 1016 1853 detrahentium
1030 1789 1134 1855 verbis
1149 1791 1215 1854 suf-

260 1886 358 1951 focari
376 1910 444 1953 non
462 1887 640 1972 permittas.
687 1889 823 1953 Habent
842 1890 892 1954 tui
912 1912 1008 1975 quem
1027 1898 1214 1975 sequantur,

261 2012 282 2055 a
305 2012 368 2075 quo
391 2014 466 2056 suas
489 1998 664 2076 exposcant
692 1992 839 2077 injurias,
863 1994 920 2078 qui
944 1994 1053 2078 vigore
1078 1996 1215 2080 justitiae

260 2101 392 2178 peccata
405 2094 529 2179 puniat,
544 2094 634 2179 lapsa
647 2103 785 2180 reparet,
801 2096 919 2161 amissa
931 2104 1101 2177 restauret,
1118 2119 1215 2183 quem

260 2198 328 2261 oris
349 2200 506 2264 extollant
526 2199 704 2284 praeconiis,
727 2201 754 2263 si
777 2200 1004 2281 benefecerit,
1029 2202 1080 2266 siu
1103 2208 1214 2267 autem

261 2301 346 2366 male
364 2300 433 2367 haec
452 2308 487 2367 et
504 2302 659 2367 inveniet.
703 2302 787 2367 Volo
807 2310 928 2382 tamen,
943 2310 982 2367 ut
997 2302 1083 2387 quod
1103 2310 1214 2368 aetum

261 2412 321 2484 est,
346 2404 518 2490 intelligas.
570 2407 649 2472 Dies
674 2406 784 2471 comiti
811 2405 1012 2473 Herefordiae
1036 2428 1057 2472 a
1082 2407 1214 2473 domino

260 2509 482 2576 archidiacono
512 2516 634 2575 statuta
663 2516 722 2591 est,
753 2516 786 2575 et
816 2510 934 2574 auditis
967 2510 1214 2594 allegationibus

258 2613 409 2697 partium,
432 2615 594 2679 sententia
615 2612 701 2678 dicta
722 2620 781 2678 est.
829 2613 1007 2678 Sententiae
1027 2634 1135 2678 comes
1156 2636 1213 2698 pa·

258 2716 335 2796 nait,
351 2723 385 2781 et
405 2738 425 2781 a
438 2717 549 2801 judice
564 2716 730 2782 absolutus
746 2716 901 2782 discessit.
947 2715 1036 2781 Quid
1052 2715 1114 2780 tibi
1125 2716 1213 2800 judi-

259 2819 345 2885 cium
367 2820 447 2884 illud
469 2820 653 2900 contulerit,
677 2820 754 2885 satis
775 2820 874 2885 nosti.
918 2820 989 2903 Ego
1011 2840 1116 2883 unum
1136 2819 1213 2899 scio,

259 2923 335 3005 quia
358 2923 461 2989 literis
485 2923 609 2989 domini
634 2923 743 3007 legati,
768 2944 847 3008 quas
871 2922 998 3003 misisti,
1023 2922 1059 2985 in
1084 2922 1212 2992 comitis

257 3026 428 3109 presentia
447 3027 605 3111 perlectis,
620 3047 727 3091 comes
747 3026 859 3091 mutim
878 3025 919 3089 ad
941 3026 1047 3110 ipsum
1067 3026 1211 3109 legatum

258 3130 437 3213 appellavit,
453 3150 487 3195 se
500 3128 638 3193 nimium
654 3130 778 3213 gressui
794 3150 948 3208 asserens,
962 3150 1000 3193 eo
1015 3128 1101 3213 quod
1115 3148 1213 3193 causa

259 3253 355 3318 super
369 3255 433 3318 qua
443 3232 564 3317 judicio
578 3232 816 3315 Wigornieusis
833 3231 1050 3296 archidiaconi
1064 3239 1097 3296 et
1112 3231 1212 3295 eccle-

260 3338 316 3401 siae
336 3338 436 3417 stetit,
451 3336 633 3421 peremnia
647 3336 765 3420 paruit,
781 3336 889 3401 denuo
903 3335 1054 3399 adversus
1069 3356 1145 3399 eum
1161 3335 1211 3399 in-

258 3446 430 3524 stauratur,
446 3446 479 3505 et
498 3438 638 3504 rediviva
660 3440 843 3504 suscitatur.
889 3436 999 3502 Habet
1020 3459 1088 3521 prae
1108 3438 1212 3501 mani·
1283 3436 1293 3448 '

259 3542 320 3608 bus
350 3544 436 3628 quod
465 3544 619 3629 scriptum
650 3550 720 3608 est:
754 3542 935 3627 Impetrata
962 3542 1117 3625 rescripta
1142 3560 1213 3605 uon
1231 3528 1395 3659 ζώω
1422 3584 1451 3646 9,

257 3646 362 3731 placet
386 3645 525 3725 admitti,
547 3645 574 3709 si
596 3645 711 3709 decim
734 3646 833 3710 semel
856 3666 961 3709 oausae
982 3644 1105 3708 fuerint
1124 3644 1211 3728 judi·
1340 3638 1351 3659 '
1397 3632 1405 3651 ’
1485 3638 1493 3651 ’

257 3749 329 3814 ciali
344 3750 515 3829 sententia,
532 3770 627 3834 quam
648 3749 830 3833 provocatio
850 3748 942 3812 nulla
961 3746 1138 3831 suspendit,
1155 3745 1212 3811 sed

258 3872 311 3916 eos
326 3852 382 3937 qui
396 3852 476 3917 talia
489 3852 608 3936 scripta
622 3851 800 3916 meruerint
814 3850 913 3915 etiam
928 3872 949 3914 a
962 3849 1075 3914 limine
1092 3848 1210 3933 judici-

257 3976 350 4020 orum
369 3956 494 4039 expelli.
541 3954 607 4019 Sed
624 3956 693 4040 jam
715 3954 794 4019 item
816 3952 1076 4031 inflammaberis,
1092 3958 1125 4017 et
1146 3950 1211 4015 nisi

256 4066 329 4143 post
350 4059 469 4124 famam
492 4057 738 4144 appellationem
758 4058 795 4122 in
817 4057 979 4135 comitem,
995 4076 1092 4141 quem
1109 4054 1210 4138 judex

254 4168 360 4227 vester
379 4162 560 4242 absolverit,
580 4160 745 4227 interdicti
764 4166 822 4225 aut
841 4159 1057 4225 anathematis
1078 4165 1207 4221 senten-

255 4265 333 4329 tiam
353 4264 468 4344 tulero,
487 4287 540 4330 me
558 4312 745 4343 ........
764 4285 817 4328 me
832 4263 970 4348 justitiae
987 4258 1208 4327 ecclesiastieae

254 4375 520 4453 contemptorem,
540 4390 593 4433 me
612 4375 744 4433 tuorum
766 4388 896 4431 causam
918 4366 1120 4440 damnorum,
1140 4381 1208 4425 non

254 4478 311 4536 tuo
326 4472 469 4557 quidem,
484 4472 540 4537 sed
555 4479 689 4538 tuorum
704 4470 827 4554 judicio
845 4466 1018 4552 reputabis.
1065 4463 1162 4529 Quod
1180 4463 1208 4527 si

726 4594 748 4636 u
