3225 5192
380 688 423 753 66
620 706 781 752 o1nnnar1
799 705 919 751 ronror
935 704 1080 750 asnurrs

396 922 618 989 EPIS'POLA
640 922 856 989 XLIX—sn
872 940 1030 985 sruonnn
1047 938 1317 985 wrooaunsnsnrs

762 1046 965 1091 rrrscoron.

384 1183 478 1245 Patri
488 1200 543 1245 eao
554 1188 585 1245 et
594 1182 715 1245 domim
726 1182 759 1245 S.
774 1180 982 1263 Wsporrsiensi
992 1178 1057 1242 Dei
1067 1180 1176 1262 pratia
1187 1179 1337 1260 episcopo,

419 1283 530 1365 frater
554 1284 592 1347 G.
618 1285 795 1348 Glooestrioe
825 1284 927 1347 dictas
956 1282 1061 1361 abdas,
1087 1284 1226 1360 solatae
1252 1287 1283 1345 et
1311 1282 1340 1342 ei

430 1408 518 1470 quem
526 1394 641 1469 potest,
657 1408 696 1451 ac
712 1386 1050 1469 cafilatesamalotma.

430 1540 548 1603 Roosr
577 1560 637 1605 nos
668 1540 860 1624 Radulphus
886 1540 926 1603 de
949 1538 1165 1617 Wireoestria,
1189 1544 1228 1602 ut
1254 1534 1340 1619 apud

387 1642 620 1708 sublimitatem
637 1650 776 1707 vestram
798 1663 856 1726 pro
877 1642 947 1726 ipso
967 1641 1229 1707 interveniamus.
1276 1638 1341 1702 Sed

385 1744 421 1808 in
436 1764 471 1807 re
486 1744 549 1808 ista
562 1751 672 1827 petere
686 1745 734 1808 nil
750 1744 916 1823 audemus,
927 1744 992 1808 nisi
1006 1742 1092 1827 quod
1106 1742 1222 1807 honori
1236 1747 1341 1806 restro

388 1854 421 1913 et
436 1848 532 1912 saluti
548 1848 617 1932 ejus
631 1847 711 1911 utile
722 1847 916 1932 judicamus.
962 1847 1088 1912 Scimus
1110 1846 1198 1911 enim
1212 1866 1280 1909 non
1294 1842 1342 1907 di·

388 1950 477 2013 mitti
498 1956 677 2033 peecatum,
696 1949 760 2013 nisi
780 1949 972 2013 restituatur
993 1947 1148 2013 ablatum.
1195 1944 1261 2009 Sed
1281 1944 1343 2007 hoc

387 2054 423 2117 in
445 2052 497 2116 his
514 2074 626 2117 verum
648 2060 707 2133 est,
724 2053 842 2137 quibus
863 2053 1000 2117 facultas
1019 2050 1170 2136 suppetit,
1187 2070 1250 2133 qua
1270 2069 1342 2134 pos·

389 2153 455 2218 sint
470 2154 577 2219 ablata
591 2154 728 2219 restitui.
775 2155 858 2221 Quae
872 2155 900 2218 si
913 2155 997 2219 forte
1011 2153 1151 2231 defuere,
1166 2152 1241 2215 licet
1255 2149 1343 2235 quod

389 2255 535 2321 ablatum
558 2264 607 2321 est
631 2278 670 2321 ex
693 2256 951 2341 impossibilitate
972 2279 1041 2322 non
1062 2255 1216 2333 redditur,
1232 2262 1342 2318 tamen

389 2358 478 2424 cordi
493 2359 633 2424 contrito
648 2366 681 2424 et
696 2360 866 2426 humiliato
881 2360 975 2424 venia
988 2380 1055 2424 non
1069 2363 1217 2442 negatur.
1245 2357 1343 2421 Unde

389 2463 601 2547 poenitentem
623 2462 710 2528 hunc
725 2462 752 2528 si
766 2470 872 2528 vestra
885 2463 1058 2528 adverterit
1072 2462 1231 2541 discretio,
1246 2460 1343 2525 debet

389 2565 520 2649 quidem
540 2566 581 2631 ad
600 2566 705 2651 ipsum
725 2565 963 2645 absolvendum,
978 2565 1121 2651 prudens
1135 2565 1265 2629 admitti
1278 2563 1341 2627 dis·

390 2670 546 2753 pensatio,
570 2676 609 2735 ut
633 2670 719 2755 quod
742 2670 852 2735 minus
874 2676 925 2735 est
946 2669 983 2733 in
1005 2668 1105 2734 ablati
1127 2668 1341 2745 restitutione,

391 2772 537 2837 abundet
561 2772 597 2837 in
621 2774 789 2840 severitate
817 2772 1027 2858 penitentie.
1081 2770 1160 2837 Ideo
1185 2777 1344 2856 quantum

392 2873 478 2954 licet,
502 2881 616 2941 vestrae
645 2876 861 2961 supplicemus
889 2874 1130 2954 benevolentiae,
1153 2879 1192 2938 ut
1220 2893 1345 2937 memor

392 2974 480 3040 illius
503 2978 663 3041 calamum
688 2984 875 3061 quassatum
899 2999 968 3042 non
995 2982 1152 3054 conteras,
1177 2982 1211 3041 et
1239 2975 1345 3039 1ὶιιιιιιι

394 3078 524 3141 firmans
542 3099 610 3142 non
631 3080 811 3162 extinguas,
827 3086 959 3163 accepta
977 3079 1148 3143 securitate
1167 3100 1235 3142 non
1254 3078 1345 3143 rede·

394 3178 476 3242 nudi
490 3178 531 3243 ad
545 3180 712 3260 vomitum,
728 3189 761 3246 et
779 3182 929 3266 injuncta
945 3181 1042 3246 simul
1058 3179 1251 3265 poenitentia
1268 3200 1346 3243 eum

393 3278 429 3342 in
452 3281 567 3365 spiritu
589 3283 732 3349 lenitatis
754 3285 918 3363 revocetis,
943 3291 977 3350 et
999 3303 1167 3349 erroneam
1191 3301 1294 3361 ovem,
1317 3282 1346 3345 si

394 3380 464 3548 {senili
477 3390 593 3466 potest,
610 3384 650 3450 ad
665 3388 772 3452 caulas
787 3388 922 3451 Domini
939 3387 993 3472 pio
1011 3386 1148 3452 humero
1165 3384 1344 3469 reportetis.

460 3494 520 3552 ete.

418 3690 638 3756 EPISTOLA
661 3692 791 3756 L.-nn
808 3714 990 3758 nonnarum
1008 3711 1317 3757 nnnnroanrnusnn

769 3814 971 3857 nrracoron.

397 3946 490 4009 Patri
508 3966 563 4009 suo
581 3952 611 4009 cl
631 3944 753 4008 domino
768 3945 905 4009 Roderto
919 3944 1153 4028 Herefordieasi
1163 3944 1271 4027 pratia
1286 3944 1348 4006 Dei

440 4050 588 4130 φίιοορο,
603 4048 712 4130 frater
729 4049 766 4111 G.
786 4049 964 4113 Gloeestrioe
986 4049 1087 4112 dictae
1109 4048 1214 4126 obbas,
1235 4048 1348 4110 achaia

435 4152 595 4233 paediam,
612 4157 643 4214 et
657 4151 836 4214 odedientia
842 4150 1043 4232 famulatam.

439 4302 603 4368 Iusrnrsrr
627 4302 819 4368 necessitate
841 4303 1070 4388 compellimur,
1092 4310 1131 4367 ut
1154 4301 1194 4365 de
1216 4302 1348 4385 negotio
