3225 5192
402 675 466 737 322
529 697 531 702 ·
714 689 876 734 urnssurs
894 688 1047 732 nrrscorr

401 809 594 896 poenitentis
616 807 747 886 luerint,
763 807 889 891 viginti,
913 804 940 868 si
962 803 1081 882 minus,
1102 804 1223 885 decem,
1245 805 1286 869 de
1308 805 1357 868 in·

398 915 512 998 junctu
527 911 588 978 sibi
604 911 822 976 satisfactione
837 909 905 973 dies
920 907 1111 972 relaxamus.

541 1211 760 1280 uslsuous
782 1211 1057 1279 oculu-sn
1072 1231 1217 1276 sosnsrs.

405 1367 443 1430 G.
459 1367 521 1430 Dei
539 1367 648 1449 pratia
670 1365 894 1428 amnicos
913 1367 1082 1448 episcopus,
1101 1363 1223 1427 dilectis
1243 1361 1306 1425 sibi
1324 1364 1357 1425 ia

446 1470 580 1534 Domino
606 1468 759 1532 uolucris
784 1469 919 1550 ejudem
943 1469 1077 1533 ecclesie
1099 1467 1305 1550 parochianis
1328 1472 1358 1528 ct

439 1572 531 1656 filiis,
547 1573 686 1649 salutem,
700 1572 850 1653 pretium,
865 1577 896 1634 et
911 1571 1157 1635 benedictiones.

446 1722 524 1788 Quo
540 1722 653 1806 magis,
670 1721 878 1800 dilectissimi,
893 1721 981 1786 inter
995 1722 1138 1786 caritatis
1152 1742 1250 1804 opera
1271 1721 1358 1784 lucet

402 1827 677 1910 eleemosynarum
692 1825 832 1908 largitio,
848 1845 887 1890 eo
906 1825 1096 1910 propensius
1115 1845 1227 1889 eurum
1246 1843 1356 1906 erogo

401 1929 483 1994 tioni
504 1927 662 2010 insistere,
678 1947 732 1992 ros
747 1927 955 1992 exhortamur
969 1928 1004 1992 in
1019 1928 1172 1994 Domino.
1219 1927 1255 1991 Si
1269 1927 1357 1991 enim

401 2053 499 2116 opere
528 2031 753 2096 misericordius
781 2031 818 2095 in
846 2032 945 2116 hujus
970 2031 1069 2096 seculi
1096 2031 1357 2116 peregrinatione

268 2111 278 2128 '
401 2134 809 2218 emmerammenses
828 2135 948 2216 nucu,
963 2135 1062 2198 vium
1081 2142 1237 2199 eornm
1256 2141 1355 2198 mete.

400 2240 444 2304 tis
463 2239 498 2302 in
518 2238 606 2327 eaelc.
653 2237 751 2305 Unde
771 2259 924 2323 rogamus
940 2245 973 2304 et
988 2260 1158 2304 monemus
1175 2259 1230 2301 vos
1250 2245 1356 2302 atten-

397 2341 476 2421 tius,
501 2341 655 2426 quatinus
680 2342 798 2426 iuopiae
821 2343 961 2407 fratrum
987 2341 1028 2406 de
1052 2341 1195 2406 cuwella
1217 2341 1273 2425 qui
1299 2363 1356 2424 pro

399 2445 534 2512 desectis
564 2441 772 2511 facultatium
802 2444 968 2510 ecclesiam
998 2465 1065 2509 suae
1095 2443 1245 2528 religioni
1280 2463 1355 2508 eon·

402 2571 516 2634 gruum
536 2551 722 2614 construere
737 2568 805 2615 non
819 2557 966 2632 possunt,
981 2546 1232 2630 compatiamini,
1248 2554 1282 2611 et
1303 2547 1357 2631 pia

401 2648 491 2718 ducti
517 2651 747 2734 compassione,
774 2651 821 2715 eis
850 2657 963 2735 optata
990 2649 1133 2714 subsidia
1161 2657 1356 2715 setes-norum

400 2755 524 2819 intuitu
544 2752 724 2838 praebeatis,
739 2761 777 2816 ut
793 2753 907 2818 vestris
923 2752 1027 2837 adjuti
1041 2753 1202 2836 suffragiis
1216 2753 1356 2818 oratorio

395 2856 462 2923 sibi
485 2863 670 2922 constructo
694 2855 928 2921 ferventissime
951 2857 1017 2940 legi
1040 2856 1268 2920 mandatorum
1293 2856 1356 2921 Dei

399 2961 557 3026 inhaerere
577 2960 710 3044 possint.
755 2957 827 3024 Nos
842 2982 917 3024 vero
931 2959 982 3023 his
997 2960 1053 3045 qui
1074 2958 1115 3024 de
1134 2961 1201 3024 suis
1220 2961 1355 3024 faculta-

400 3062 487 3127 tibus
514 3063 618 3127 eidem
644 3063 715 3128 loco
742 3063 912 3147 quicquam
938 3062 1048 3146 largiti
1070 3063 1201 3143 fuerint,
1226 3063 1268 3128 de
1292 3064 1354 3129 Dei

400 3165 617 3230 misericordie
632 3166 756 3243 confisi,
773 3164 813 3230 de
828 3183 939 3229 eorum
954 3165 1148 3250 punitentia
1161 3166 1272 3231 decem
1287 3167 1356 3232 dies

399 3268 591 3348 relaxamus,
607 3278 641 3332 et
655 3268 816 3334 bonorum
830 3269 977 3334 omnium
993 3291 1064 3354 quse
1085 3270 1121 3334 in
1140 3279 1253 3336 nostru
1271 3272 1355 3336 fiunt

400 3373 541 3452 ccclesia,
565 3373 737 3456 adjuvante
758 3373 911 3453 Domino,
931 3395 985 3437 cos
1005 3374 1175 3459 participes
1198 3375 1353 3441 constitu·

400 3477 494 3539 imus.
526 3476 651 3540 Valete.
983 3475 987 3485 '

545 3677 766 3744 EPISTOLA
788 3677 1046 3747 ccxxx-sn
1062 3704 1206 3751 sosoma.

403 3833 440 3894 G.
457 3831 523 3893 Dei
540 3832 649 3913 pratia
668 3831 894 3896 madeniensis
913 3836 1081 3917 episcopus,
1097 3837 1220 3901 dilectis
1240 3838 1300 3900 sibi
1320 3839 1355 3901 ia

441 3933 575 4000 Domino
590 3935 830 4015 archidiaconis,
845 3938 1005 4019 episcopia
1021 3939 1154 4019 clericis
1163 3961 1227 4022 per
1239 3942 1355 4022 epirco

436 4045 549 4122 patum
559 4039 804 4104 [londoniensem
820 4042 1005 4120 constantis,
1017 4044 1159 4124 salutern,
1171 4045 1311 4126 pretium
1324 4052 1356 4110 et

442 4143 690 4207 benedictiones.

443 4293 528 4359 Qun
549 4293 583 4356 in
603 4314 681 4357 usus
701 4314 880 4378 pauperum
899 4294 1146 4363 misericorditer
1160 4297 1355 4383 impendun-
