3225 5192
283 547 292 564 ⁶
371 566 435 629 64·
500 560 506 571 '
625 549 1082 632 ornararrrourornnsarrs

369 722 442 766 care
468 666 700 785 compellimur,
725 700 781 784 qui
807 722 869 765 nee
895 721 955 796 prp
980 700 1074 765 nobis
1100 700 1205 765 audiri
1232 687 1326 785 digni
1338 670 1343 681 ⁵

370 806 447 869 satis
462 803 654 869 invenimur.
699 804 778 868 Plus
792 810 905 867 tamen
924 802 1073 887 eligimus
1092 803 1180 887 apud
1198 812 1324 889 patrem
1398 818 1406 825 “

239 884 270 921 ”
370 908 410 973 de
425 908 546 991 pietate
561 907 687 991 corripi,
703 929 801 991 quam
821 904 907 990 apud
926 907 1042 971 fratres
1062 906 1103 971 de
1123 916 1230 991 spreta
1244 909 1324 972 eari-

369 1018 438 1075 tate
453 1010 609 1075 damnari.
640 1010 694 1075 Ad
709 1018 850 1073 vestram
863 1015 995 1073 vocatus
1009 1008 1207 1074 audientiam
1223 1011 1325 1076 domi-

280 1111 284 1120 '
369 1134 433 1177 nus
458 1112 699 1190 Laudaviensis,
722 1106 956 1195 multiplicibus
985 1130 1020 1175 se
1049 1113 1153 1177 causis
1183 1122 1324 1178 excusat.

373 1216 462 1282 Hinc
482 1215 704 1280 difficultatem
724 1213 860 1293 itineris,
875 1214 953 1278 inde
972 1220 1136 1299 suspectas
1156 1216 1325 1281 adversan-

371 1319 455 1383 tium
480 1318 623 1397 iusidias‚
647 1326 680 1383 et
705 1340 771 1401 prae
796 1317 931 1396 coeteris,
956 1318 1008 1381 sni
1033 1318 1173 1401 eorporis
1196 1318 1325 1383 infirma
1354 1358 1369 1371 ι

371 1421 585 1506 praetendens.
629 1419 714 1484 Inde
728 1440 803 1484 vero
818 1441 922 1503 nuper
935 1420 1109 1483 redeuntes
1123 1420 1238 1485 fratres
1252 1442 1326 1485 nos-

371 1524 424 1603 tri,
446 1523 486 1588 de
506 1545 643 1607 quorum
665 1522 729 1586 fide
753 1529 787 1586 et
810 1522 944 1586 veritate
968 1544 1035 1586 non
1058 1521 1262 1605 ambigimus,
1285 1523 1326 1588 de

371 1626 472 1710 ipsius
500 1625 689 1689 infirmitate
718 1632 952 1690 contestantur.
1014 1624 1064 1689 De
1095 1624 1181 1690 lecto
1216 1627 1326 1711 itaque

373 1728 572 1811 aegritudinis
587 1748 653 1792 sure
668 1738 740 1792 tum
755 1727 853 1791 etiam
871 1748 929 1810 per
948 1749 1007 1791 nos
1026 1728 1235 1811 supplicando
1253 1752 1325 1813 pos·

372 1831 467 1909 tedet,
483 1838 521 1895 ut
536 1852 640 1895 causae
654 1831 821 1914 praesentis
836 1830 919 1894 actio
934 1851 1036 1915 usque
1056 1830 1097 1895 ad
1114 1838 1258 1896 vestrum
1275 1854 1324 1896 re·

373 1931 478 1995 ditum
494 1930 671 2011 differamur,
690 1931 735 1994 sio
755 1939 866 1995 tamen
886 1938 925 1994 ut
943 1951 995 1994 res
1014 1930 1085 2015 ipsa
1103 1954 1174 2015 quae
1192 1933 1227 1996 in
1248 1954 1324 1997 eon·

371 2034 526 2098 troversia
540 2040 598 2111 est,
615 2032 801 2097 afratribus
817 2033 858 2097 de
873 2033 1047 2112 Goldelive,
1063 2034 1194 2098 interim
1213 2036 1325 2101 ineon-

373 2157 464 2201 ousse
479 2136 688 2221 possideatur.
724 2136 798 2201 Qua
812 2137 848 2200 in
861 2158 907 2215 re,
923 2136 951 2200 si
965 2158 1025 2201 nec
1041 2139 1243 2222 majestatem
1258 2161 1325 2203 ves-

372 2247 457 2303 tram
477 2240 590 2318 minui,
612 2229 672 2304 neo
691 2239 830 2303 fratrum
849 2248 1028 2305 vestrorum
1044 2241 1206 2326 justitiam
1225 2242 1325 2326 impe-

374 2345 437 2409 diri
459 2345 610 2423 videritis,
634 2344 783 2430 petitioni
804 2344 882 2409 huie
904 2345 1088 2424 annuendo,
1108 2366 1168 2409 nos
1188 2345 1272 2409 sieut
1290 2346 1326 2408 in

373 2448 496 2512 caeteris
511 2448 670 2527 omnibus,
687 2448 733 2512 sie
752 2455 785 2512 et
803 2448 839 2512 in
859 2450 920 2512 hoc
935 2448 1004 2532 ipso
1018 2469 1075 2533 per
1089 2448 1197 2512 omnia
1214 2448 1326 2531 ffafiae

285 2597 288 2601 -
373 2549 533 2615 debitores
548 2552 724 2616 efficeretis.
770 2552 976 2616 Glorifioetur
989 2552 1026 2615 in
1039 2550 1127 2615 vobis
1142 2552 1242 2629 Deus,
1257 2573 1325 2615 ves·

372 2654 479 2739 trique
504 2675 623 2719 corona
646 2655 754 2720 meriti
783 2676 910 2741 semper
932 2662 1099 2739 augeatur,
1124 2655 1160 2718 in
1184 2654 1325 2719 Domino

373 2756 455 2821 Jesu
469 2758 598 2822 Christo
614 2758 728 2823 dilecte
743 2766 844 2842 pater.

372 3060 594 3125 EPISTOLA
608 3060 842 3125 unuln-sn
858 3078 1041 3123 ncrnnnuu
1059 3080 1324 3125 uannnvrnusnrr

733 3182 735 3187 ·
750 3182 952 3225 unrscoruu.

373 3315 467 3377 Patri
480 3334 535 3377 stro
554 3320 585 3377 et
602 3314 723 3377 domim
738 3313 907 3377 reamabili
919 3312 1129 3376 Mndoviemi
1142 3314 1204 3376 Dei
1215 3315 1324 3404 gratio

415 3416 565 3498 episeopo,
572 3414 681 3498 frater
698 3417 736 3480 G.
756 3417 933 3480 Gloeeebiae
952 3416 1054 3480 dictus
1074 3416 1179 3495 abbas,
1194 3419 1325 3481 salutem

416 3523 662 3587 etdilectiom
825 3530 828 3533 ’

417 3674 470 3739 Dn
485 3682 591 3740 vestra
610 3696 687 3759 erga
705 3697 765 3739 nos
783 3674 986 3758 benignitate
1000 3661 1089 3738 ¹certo
1102 3696 1211 3738 rerum
1229 3696 1324 3758 argu-

374 3788 485 3842 mento
499 3800 566 3841 non
581 3778 726 3857 dubium,
739 3778 766 3841 si
781 3778 919 3860 gratiam
932 3778 1052 3841 mentis
1067 3798 1133 3841 non
1148 3798 1322 3861 aequamus,

373 3886 485 3944 tamen
504 3881 539 3944 in
557 3903 621 3965 quo
639 3902 818 3965 possumus,
834 3880 922 3946 vobis
936 3879 1069 3964 obsequi
1083 3880 1187 3964 parati
1201 3902 1322 3943 sumus.

374 3983 514 4047 Litteras
547 3983 656 4067 itaque
690 3983 815 4047 domini
842 3982 1071 4066 archiepiscopi
1099 3981 1188 4046 vobis
1221 3983 1323 4046 mitti-

374 4108 457 4164 mus,
472 4093 510 4150 ut
529 4086 704 4151 attendatis
718 4108 757 4150 er
770 4086 822 4150 his
833 4087 911 4171 quid
925 4085 1013 4151 vobis
1027 4085 1117 4149 laetu
1130 4106 1211 4168 opus
1225 4085 1277 4163 sit,
1289 4093 1324 4149 et

375 4189 461 4272 quod
485 4188 646 4273 agendum
665 4189 818 4269 videritis,
840 4188 993 4273 prudenti
1013 4208 1092 4254 eura
1112 4186 1324 4271 adimpleatis.
