3225 5192
362 700 423 763 162
676 716 992 763 ornuuarinrrsooai

360 834 552 899 auctoritate
582 834 786 899 sancivimus.
835 836 878 921 Et
909 855 951 899 ne
981 835 1175 900 auctoritate
1204 842 1316 901 nostra

362 959 493 1023 gravare
516 938 710 1023 quempiam,
731 947 788 1003 aut
813 939 882 1023 juri
904 939 1084 1023 cujuspiam
1107 939 1316 1023 praejudicare

361 1042 537 1121 videamur,
552 1049 621 1106 tam
636 1042 688 1105 his
704 1043 759 1126 qui
775 1050 862 1123 sunt,
873 1064 971 1127 qnam
982 1043 1056 1107 filiis
1072 1044 1127 1126 qul
1142 1052 1317 1109 nascentur

361 1154 394 1211 et
417 1154 592 1231 exsurgent
615 1154 687 1229 post
709 1168 779 1226 nos,
796 1147 949 1231 prasenti
967 1146 1087 1230 scripto
1102 1153 1219 1211 notum
1237 1146 1314 1210 faci-

360 1273 443 1329 mus,
457 1252 621 1335 Rogerum
638 1253 678 1318 de
690 1253 778 1331 Port,
791 1252 846 1335 qui
861 1250 1028 1315 eeclesiam
1043 1249 1147 1315 sancti
1162 1249 1315 1314 Guthlaci

361 1354 418 1451 din
440 1354 572 1439 injuste,
595 1360 708 1439 utpote
729 1354 831 1419 laicus
855 1360 1017 1432 tenuerat,
1042 1360 1076 1417 et
1099 1353 1314 1436 possessiones

360 1458 430 1541 ejus
452 1458 586 1543 indigne
606 1459 814 1523 distribuerat
832 1465 1002 1542 peccatum
1018 1457 1081 1522 hoc
1103 1456 1225 1540 grande
1239 1478 1313 1539 cog-

361 1562 496 1640 novisse,
521 1569 554 1627 et
579 1561 813 1646 inpraesentia
840 1582 924 1640 mea,
947 1569 981 1625 et
1010 1561 1119 1625 butria
1151 1561 1315 1645 Radulpbi

361 1663 473 1728 decani
488 1665 600 1743 nostri,
617 1672 650 1729 et
665 1665 894 1729 canonicorum
907 1670 1093 1729 nostrorum
1106 1662 1259 1747 Hugonis
1274 1664 1315 1727 de

360 1766 504 1847 Clifford,
520 1774 553 1833 ct
579 1768 715 1832 aliorum
739 1774 807 1832 tam
833 1768 1023 1833 clericorum
1038 1788 1135 1851 quam
1157 1767 1313 1831 laieorum

360 1870 611 1953 quamplurium,
627 1870 794 1938 ecclesiam
812 1869 916 1954 ipsam
933 1877 972 1933 ut
986 1869 1102 1933 divinis
1118 1869 1230 1933 officiis
1244 1869 1312 1952 ple·

358 1972 433 2036 nius
448 1972 675 2056 assignaretur,
691 1973 727 2037 in
745 1995 848 2036 manu
865 1979 978 2037 nostra
995 1972 1126 2055 penitus
1143 1972 1311 2037 refutasse.

359 2074 436 2160 Ipso
460 2076 570 2159 itaque
600 2078 729 2161 Rogero
758 2077 873 2141 devote
902 2076 1113 2160 supplicante,
1137 2076 1314 2140 venerabili

358 2179 458 2243 etiam
481 2179 581 2243 fratre
606 2187 718 2245 nostro
742 2180 860 2245 abbate
883 2178 1071 2243 Glocestriae
1093 2186 1126 2242 et
1150 2187 1313 2243 conventu

358 2278 458 2367 ipsius
472 2282 612 2367 benigne
628 2290 803 2363 annuente,
815 2282 984 2367 praedictas
996 2282 1144 2347 ecclesias
1158 2282 1194 2346 in
1209 2304 1313 2347 unum

358 2386 594 2470 conjunximus,
611 2394 643 2452 et
665 2388 751 2452 hanc
772 2388 900 2451 illarum
922 2385 1186 2471 possessionibus,
1207 2386 1312 2469 digni-

359 2489 490 2569 tatibus,
503 2496 536 2555 et
550 2491 754 2575 pertinentiis
766 2490 916 2556 omnibus
926 2490 1098 2554 fundatam
1111 2497 1145 2553 et
1156 2489 1310 2569 dotatam,

359 2600 521 2678 perpetnae
536 2594 754 2678 apostolorum
768 2594 859 2657 Petri
873 2600 908 2657 et
923 2594 1016 2657 Pauli
1031 2599 1065 2657 et
1084 2592 1189 2657 sancti
1204 2592 1310 2657 Guth-

358 2696 418 2759 laci
431 2696 630 2761 venerationi
656 2696 903 2781 designavimus.
948 2696 993 2759 Iit
1017 2696 1093 2779 quia
1115 2703 1311 2760 conventum

358 2800 476 2866 ibidem
490 2800 628 2866 fratrum
639 2802 710 2866 Deo
721 2802 928 2866 servientium
944 2808 978 2866 et
990 2801 1112 2865 ibidem
1122 2801 1312 2884 regulariter

357 2907 543 2987 viventium,
564 2928 621 2991 per
642 2928 777 2971 manum
801 2905 948 2989 praedicti
973 2905 1100 2970 abbatis
1124 2905 1311 2969 Glocastrioe

358 3012 427 3076 Deo
449 3011 640 3095 disponente
662 3010 842 3093 suscepturi
864 3030 985 3087 sumus,
1000 3008 1087 3072 hanc
1108 3008 1212 3092 ipsam
1232 3029 1307 3092 apo-

358 3114 512 3178 stolorum
525 3120 558 3177 et
570 3113 673 3177 sancti
685 3110 841 3176 Guthlaci
851 3111 1018 3175 ecclesiam
1032 3110 1158 3195 praefati
1173 3110 1309 3189 abbatis,

357 3218 565 3299 omniumque
581 3237 800 3282 successorum
815 3216 885 3299 ejus
900 3215 1102 3293 obedientiae,
1118 3222 1152 3279 et
1169 3215 1310 3279 ecclesiae

357 3321 442 3385 beati
464 3319 553 3383 Petri
569 3320 755 3383 Glocestriae
777 3319 985 3384 custodisset
1007 3317 1209 3402 subjectioni,
1225 3316 1310 3400 capi-

352 3424 425 3488 tulo
455 3422 595 3487 ecolesiae
629 3428 747 3486 nostrae
780 3422 817 3486 in
850 3422 902 3485 his
931 3421 1083 3485 omnibus
1111 3420 1311 3485 unanimiter

355 3526 551 3591 assentiente
565 3524 793 3589 commisimus.
840 3525 1046 3607 Quicumque
1065 3545 1143 3607 ergo
1160 3523 1222 3587 hoc
1242 3522 1310 3606 pic-

354 3628 431 3693 tatis
453 3649 534 3713 opus
556 3628 608 3711 pie
630 3628 840 3707 attenderint,
856 3648 1054 3711 manumque
1076 3626 1310 3691 auxiliatricem

355 3732 396 3797 ad
417 3732 478 3795 hoo
497 3730 754 3794 confirmandum
773 3752 849 3795 cum
866 3730 954 3795 fideli
973 3729 1143 3795 devotione
1161 3750 1309 3813 porrexe-

354 3836 430 3914 rint,
450 3840 639 3918 perpetuam
661 3854 732 3916 quaa
753 3834 835 3899 inibi
857 3840 997 3918 agentur
1017 3833 1201 3898 orationum
1222 3854 1308 3896 com·

354 3940 552 4016 munionem,
575 3937 785 4021 episcopalem
806 3961 826 4002 a
847 3960 899 4002 me
917 3938 1143 4020 qualicumque
1167 3936 1309 4000 ecclesiae

354 4044 503 4107 ministro
531 4041 799 4120 benedictionem,
824 4064 844 4106 a
869 4063 996 4106 summo
1021 4048 1132 4105 autem
1156 4038 1309 4123 pontifice

354 4146 482 4210 Christo
493 4151 648 4210 aeternam
663 4149 902 4227 consequantur
916 4140 1173 4206 retributionem.
1189 4140 1307 4204 Amen.
