<?xml version="1.0" encoding="UTF-8"?>
<!DOCTYPE html PUBLIC "-//W3C//DTD XHTML 1.0 Transitional//EN"
    "http://www.w3.org/TR/xhtml1/DTD/xhtml1-transitional.dtd">
<html xmlns="http://www.w3.org/1999/xhtml" xml:lang="en" lang="en">
 <head>
  <title>
</title>
<meta http-equiv="Content-Type" content="text/html;charset=utf-8" />
  <meta name='ocr-system' content='tesseract 3.04.00' />
  <meta name='ocr-capabilities' content='ocr_page ocr_carea ocr_par ocr_line ocrx_word'/>
</head>
<body>
  <div class='ocr_page' id='page_1' title='image "./gilbertiexabbat00gilegoog_0293.png"; bbox 0 0 3225 5192; ppageno 0'>
   <div class='ocr_carea' id='block_1_1' title="bbox 406 674 1042 737">
    <p class='ocr_par' dir='ltr' id='par_1_1' title="bbox 406 674 1042 737">
     <span class='ocr_line' id='line_1_1' title="bbox 406 674 1042 737; baseline -0.009 0"><span class='ocrx_word' id='word_1_1' title='bbox 406 674 470 737; x_wconf 79' lang='lat'>252</span> <span class='ocrx_word' id='word_1_2' title='bbox 726 686 1042 733; x_wconf 77' lang='lat' dir='ltr'>amanamrrrscorr</span> 
     </span>
    </p>
   </div>
   <div class='ocr_carea' id='block_1_2' title="bbox 448 1019 1314 1187">
    <p class='ocr_par' dir='ltr' id='par_1_2' title="bbox 448 1019 1314 1187">
     <span class='ocr_line' id='line_1_2' title="bbox 448 1019 1314 1087; baseline -0.006 0"><span class='ocrx_word' id='word_1_3' title='bbox 448 1021 670 1087; x_wconf 71' lang='lat' dir='ltr'><strong>EPIS&#39;POLA</strong></span> <span class='ocrx_word' id='word_1_4' title='bbox 692 1019 967 1085; x_wconf 67' lang='lat' dir='ltr'>cutim-m</span> <span class='ocrx_word' id='word_1_5' title='bbox 983 1039 1174 1083; x_wconf 79' lang='lat' dir='ltr'>nnrvnascs</span> <span class='ocrx_word' id='word_1_6' title='bbox 1190 1040 1216 1081; x_wconf 88' lang='lat' dir='ltr'>s.</span> <span class='ocrx_word' id='word_1_7' title='bbox 1233 1040 1314 1083; x_wconf 79' lang='lat' dir='ltr'>usn.</span> 
     </span>
     <span class='ocr_line' id='line_1_3' title="bbox 729 1142 1035 1187; baseline -0.007 0"><span class='ocrx_word' id='word_1_8' title='bbox 729 1143 897 1187; x_wconf 72' lang='lat' dir='ltr'>accursu</span> <span class='ocrx_word' id='word_1_9' title='bbox 913 1142 1035 1186; x_wconf 77' lang='lat' dir='ltr'>runos.</span> 
     </span>
    </p>
   </div>
   <div class='ocr_carea' id='block_1_3' title="bbox 410 1272 1362 1555">
    <p class='ocr_par' dir='ltr' id='par_1_3' title="bbox 410 1272 1362 1555">
     <span class='ocr_line' id='line_1_4' title="bbox 410 1272 1362 1341; baseline -0.005 -2"><span class='ocrx_word' id='word_1_10' title='bbox 410 1276 541 1341; x_wconf 81' lang='lat' dir='ltr'>Dilectis</span> <span class='ocrx_word' id='word_1_11' title='bbox 559 1275 620 1339; x_wconf 79' lang='lat' dir='ltr'>sibi</span> <span class='ocrx_word' id='word_1_12' title='bbox 639 1276 673 1337; x_wconf 81' lang='lat' dir='ltr'>in</span> <span class='ocrx_word' id='word_1_13' title='bbox 692 1274 826 1337; x_wconf 85' lang='lat' dir='ltr'>Domino</span> <span class='ocrx_word' id='word_1_14' title='bbox 839 1272 991 1336; x_wconf 68' lang='lat' dir='ltr'>mioersis</span> <span class='ocrx_word' id='word_1_15' title='bbox 1004 1277 1120 1336; x_wconf 78' lang='lat' dir='ltr'>sancte</span> <span class='ocrx_word' id='word_1_16' title='bbox 1136 1272 1248 1335; x_wconf 60' lang='lat' dir='ltr'>monn</span> <span class='ocrx_word' id='word_1_17' title='bbox 1266 1272 1362 1335; x_wconf 85' lang='lat' dir='ltr'>ecole-</span> 
     </span>
     <span class='ocr_line' id='line_1_5' title="bbox 452 1371 1362 1459; baseline -0.005 -18"><span class='ocrx_word' id='word_1_18' title='bbox 452 1380 505 1441; x_wconf 82' lang='lat' dir='ltr'>rioe</span> <span class='ocrx_word' id='word_1_19' title='bbox 519 1376 609 1459; x_wconf 81' lang='lat' dir='ltr'>filiis,</span> <span class='ocrx_word' id='word_1_20' title='bbox 625 1376 670 1438; x_wconf 86' lang='lat' dir='ltr'>cd</span> <span class='ocrx_word' id='word_1_21' title='bbox 687 1395 762 1457; x_wconf 78' lang='lat' dir='ltr'>qnos</span> <span class='ocrx_word' id='word_1_22' title='bbox 781 1376 879 1439; x_wconf 82' lang='lat' dir='ltr'>litem</span> <span class='ocrx_word' id='word_1_23' title='bbox 898 1376 967 1437; x_wconf 76' lang='lat' dir='ltr'>iste</span> <span class='ocrx_word' id='word_1_24' title='bbox 981 1371 1305 1455; x_wconf 70' lang='lat' dir='ltr'>per-venerint,er</span> <span class='ocrx_word' id='word_1_25' title='bbox 1321 1373 1362 1436; x_wconf 83' lang='lat' dir='ltr'>G.</span> 
     </span>
     <span class='ocr_line' id='line_1_6' title="bbox 453 1476 1329 1555; baseline -0.006 -11"><span class='ocrx_word' id='word_1_26' title='bbox 453 1479 676 1544; x_wconf 72' lang='lat' dir='ltr'>londoniensis</span> <span class='ocrx_word' id='word_1_27' title='bbox 689 1478 822 1541; x_wconf 68' lang='lat' dir='ltr'>scolene</span> <span class='ocrx_word' id='word_1_28' title='bbox 835 1477 986 1555; x_wconf 82' lang='lat' dir='ltr'>minister,</span> <span class='ocrx_word' id='word_1_29' title='bbox 1000 1478 1133 1540; x_wconf 71' lang='lat' dir='ltr'>salutm</span> <span class='ocrx_word' id='word_1_30' title='bbox 1146 1478 1181 1539; x_wconf 82' lang='lat' dir='ltr'>in</span> <span class='ocrx_word' id='word_1_31' title='bbox 1197 1476 1329 1539; x_wconf 74' lang='lat' dir='ltr'>Christo.</span> 
     </span>
    </p>
   </div>
   <div class='ocr_carea' id='block_1_4' title="bbox 411 1625 1371 4380">
    <p class='ocr_par' dir='ltr' id='par_1_4' title="bbox 411 1625 1371 4380">
     <span class='ocr_line' id='line_1_7' title="bbox 455 1625 1363 1713; baseline -0.003 -21"><span class='ocrx_word' id='word_1_32' title='bbox 455 1630 529 1693; x_wconf 77' lang='lat' dir='ltr'>Pan</span> <span class='ocrx_word' id='word_1_33' title='bbox 557 1629 731 1713; x_wconf 87' lang='lat' dir='ltr'>apostolica</span> <span class='ocrx_word' id='word_1_34' title='bbox 760 1628 880 1710; x_wconf 85' lang='lat' dir='ltr'>scripta</span> <span class='ocrx_word' id='word_1_35' title='bbox 908 1627 944 1691; x_wconf 90' lang='lat' dir='ltr'>iu</span> <span class='ocrx_word' id='word_1_36' title='bbox 973 1626 1134 1691; x_wconf 89' lang='lat' dir='ltr'>mandatis</span> <span class='ocrx_word' id='word_1_37' title='bbox 1171 1625 1363 1709; x_wconf 85' lang='lat' dir='ltr'>accepimus,</span> 
     </span>
     <span class='ocr_line' id='line_1_8' title="bbox 412 1728 1363 1816; baseline -0.005 -19"><span class='ocrx_word' id='word_1_38' title='bbox 412 1733 563 1816; x_wconf 73' lang='lat' dir='ltr'>quatinus</span> <span class='ocrx_word' id='word_1_39' title='bbox 586 1730 702 1795; x_wconf 80' lang='lat' dir='ltr'>abbate</span> <span class='ocrx_word' id='word_1_40' title='bbox 724 1731 765 1795; x_wconf 88' lang='lat' dir='ltr'>de</span> <span class='ocrx_word' id='word_1_41' title='bbox 782 1728 953 1808; x_wconf 89' lang='lat' dir='ltr'>Grestene,</span> <span class='ocrx_word' id='word_1_42' title='bbox 976 1736 1009 1794; x_wconf 90' lang='lat' dir='ltr'>et</span> <span class='ocrx_word' id='word_1_43' title='bbox 1030 1729 1133 1793; x_wconf 88' lang='lat' dir='ltr'>latore</span> <span class='ocrx_word' id='word_1_44' title='bbox 1154 1728 1363 1812; x_wconf 71' lang='lat' dir='ltr'>presentium</span> 
     </span>
     <span class='ocr_line' id='line_1_9' title="bbox 412 1829 1364 1916; baseline -0.007 -16"><span class='ocrx_word' id='word_1_45' title='bbox 412 1834 572 1914; x_wconf 79' lang='lat' dir='ltr'>iohanne,</span> <span class='ocrx_word' id='word_1_46' title='bbox 598 1834 634 1897; x_wconf 91' lang='lat' dir='ltr'>in</span> <span class='ocrx_word' id='word_1_47' title='bbox 659 1840 771 1898; x_wconf 87' lang='lat' dir='ltr'>nostra</span> <span class='ocrx_word' id='word_1_48' title='bbox 795 1833 976 1897; x_wconf 88' lang='lat' dir='ltr'>convocatis</span> <span class='ocrx_word' id='word_1_49' title='bbox 1005 1832 1185 1916; x_wconf 66' lang='lat' dir='ltr'>presentia,</span> <span class='ocrx_word' id='word_1_50' title='bbox 1211 1829 1364 1915; x_wconf 88' lang='lat' dir='ltr'>quioquid</span> 
     </span>
     <span class='ocr_line' id='line_1_10' title="bbox 412 1932 1364 2021; baseline -0.006 -18"><span class='ocrx_word' id='word_1_51' title='bbox 412 1940 434 2003; x_wconf 84' lang='lat' dir='ltr'><strong>J</strong></span> <span class='ocrx_word' id='word_1_52' title='bbox 435 1938 556 2004; x_wconf 92' lang='lat' dir='ltr'>ohanni</span> <span class='ocrx_word' id='word_1_53' title='bbox 569 1944 642 2021; x_wconf 87' lang='lat' dir='ltr'>post</span> <span class='ocrx_word' id='word_1_54' title='bbox 654 1936 901 2021; x_wconf 73' lang='lat' dir='ltr'>appellationem</span> <span class='ocrx_word' id='word_1_55' title='bbox 913 1937 955 2000; x_wconf 91' lang='lat' dir='ltr'>ad</span> <span class='ocrx_word' id='word_1_56' title='bbox 967 1936 1075 2000; x_wconf 89' lang='lat' dir='ltr'>sedem</span> <span class='ocrx_word' id='word_1_57' title='bbox 1087 1934 1294 2019; x_wconf 87' lang='lat' dir='ltr'>apostolicam</span> <span class='ocrx_word' id='word_1_58' title='bbox 1306 1932 1364 1997; x_wconf 91' lang='lat' dir='ltr'>ad·</span> 
     </span>
     <span class='ocr_line' id='line_1_11' title="bbox 411 2037 1363 2124; baseline -0.001 -22"><span class='ocrx_word' id='word_1_59' title='bbox 411 2062 520 2105; x_wconf 87' lang='lat' dir='ltr'>versus</span> <span class='ocrx_word' id='word_1_60' title='bbox 536 2039 685 2103; x_wconf 88' lang='lat' dir='ltr'>abbatem</span> <span class='ocrx_word' id='word_1_61' title='bbox 699 2040 830 2119; x_wconf 81' lang='lat' dir='ltr'>factam,</span> <span class='ocrx_word' id='word_1_62' title='bbox 844 2061 903 2124; x_wconf 88' lang='lat' dir='ltr'>per</span> <span class='ocrx_word' id='word_1_63' title='bbox 916 2040 1023 2121; x_wconf 89' lang='lat' dir='ltr'>ipsum</span> <span class='ocrx_word' id='word_1_64' title='bbox 1038 2038 1186 2102; x_wconf 90' lang='lat' dir='ltr'>videlicet</span> <span class='ocrx_word' id='word_1_65' title='bbox 1201 2037 1363 2115; x_wconf 87' lang='lat' dir='ltr'>abbatem,</span> 
     </span>
     <span class='ocr_line' id='line_1_12' title="bbox 412 2140 1363 2225; baseline -0.002 -20"><span class='ocrx_word' id='word_1_66' title='bbox 412 2144 477 2206; x_wconf 85' lang='lat' dir='ltr'>sive</span> <span class='ocrx_word' id='word_1_67' title='bbox 491 2162 548 2225; x_wconf 91' lang='lat' dir='ltr'>per</span> <span class='ocrx_word' id='word_1_68' title='bbox 563 2163 646 2221; x_wconf 86' lang='lat' dir='ltr'>suos,</span> <span class='ocrx_word' id='word_1_69' title='bbox 659 2141 802 2206; x_wconf 89' lang='lat' dir='ltr'>ablatum</span> <span class='ocrx_word' id='word_1_70' title='bbox 818 2150 876 2205; x_wconf 91' lang='lat' dir='ltr'>aut</span> <span class='ocrx_word' id='word_1_71' title='bbox 891 2140 1094 2205; x_wconf 86' lang='lat' dir='ltr'>subtractum</span> <span class='ocrx_word' id='word_1_72' title='bbox 1104 2140 1363 2224; x_wconf 85' lang='lat' dir='ltr'>comperiremus,</span> 
     </span>
     <span class='ocr_line' id='line_1_13' title="bbox 413 2244 1365 2329; baseline -0.003 -20"><span class='ocrx_word' id='word_1_73' title='bbox 413 2244 473 2309; x_wconf 85' lang='lat' dir='ltr'>sibi</span> <span class='ocrx_word' id='word_1_74' title='bbox 484 2246 572 2309; x_wconf 92' lang='lat' dir='ltr'>omni</span> <span class='ocrx_word' id='word_1_75' title='bbox 584 2244 749 2309; x_wconf 74' lang='lat' dir='ltr'>occasione</span> <span class='ocrx_word' id='word_1_76' title='bbox 759 2252 791 2309; x_wconf 89' lang='lat' dir='ltr'>et</span> <span class='ocrx_word' id='word_1_77' title='bbox 801 2245 1007 2310; x_wconf 84' lang='lat' dir='ltr'>excusatione</span> <span class='ocrx_word' id='word_1_78' title='bbox 1017 2245 1203 2329; x_wconf 86' lang='lat' dir='ltr'>postposita,</span> <span class='ocrx_word' id='word_1_79' title='bbox 1212 2244 1365 2326; x_wconf 91' lang='lat' dir='ltr'>omnique</span> 
     </span>
     <span class='ocr_line' id='line_1_14' title="bbox 413 2345 1365 2431; baseline -0.003 -21"><span class='ocrx_word' id='word_1_80' title='bbox 413 2346 554 2410; x_wconf 84' lang='lat' dir='ltr'>remedio</span> <span class='ocrx_word' id='word_1_81' title='bbox 565 2347 787 2431; x_wconf 80' lang='lat' dir='ltr'>appellationis</span> <span class='ocrx_word' id='word_1_82' title='bbox 803 2348 931 2413; x_wconf 88' lang='lat' dir='ltr'>sublato</span> <span class='ocrx_word' id='word_1_83' title='bbox 942 2369 1016 2413; x_wconf 91' lang='lat' dir='ltr'>eum</span> <span class='ocrx_word' id='word_1_84' title='bbox 1027 2348 1216 2431; x_wconf 83' lang='lat' dir='ltr'>integritate</span> <span class='ocrx_word' id='word_1_85' title='bbox 1227 2345 1365 2422; x_wconf 85' lang='lat' dir='ltr'>restitui,</span> 
     </span>
     <span class='ocr_line' id='line_1_15' title="bbox 413 2446 1365 2532; baseline -0.002 -19"><span class='ocrx_word' id='word_1_86' title='bbox 413 2456 447 2513; x_wconf 91' lang='lat' dir='ltr'>et</span> <span class='ocrx_word' id='word_1_87' title='bbox 469 2446 573 2513; x_wconf 87' lang='lat' dir='ltr'>eidem</span> <span class='ocrx_word' id='word_1_88' title='bbox 596 2448 636 2513; x_wconf 92' lang='lat' dir='ltr'>de</span> <span class='ocrx_word' id='word_1_89' title='bbox 655 2450 782 2514; x_wconf 86' lang='lat' dir='ltr'>damnis</span> <span class='ocrx_word' id='word_1_90' title='bbox 804 2458 838 2513; x_wconf 90' lang='lat' dir='ltr'>et</span> <span class='ocrx_word' id='word_1_91' title='bbox 860 2450 987 2531; x_wconf 86' lang='lat' dir='ltr'>injuriis</span> <span class='ocrx_word' id='word_1_92' title='bbox 1006 2450 1104 2513; x_wconf 84' lang='lat' dir='ltr'>illatis</span> <span class='ocrx_word' id='word_1_93' title='bbox 1124 2468 1299 2532; x_wconf 79' lang='lat' dir='ltr'>congruam</span> <span class='ocrx_word' id='word_1_94' title='bbox 1317 2447 1365 2511; x_wconf 83' lang='lat' dir='ltr'>fa-</span> 
     </span>
     <span class='ocr_line' id='line_1_16' title="bbox 412 2552 1365 2619; baseline -0.003 -2"><span class='ocrx_word' id='word_1_95' title='bbox 412 2572 558 2619; x_wconf 82' lang='lat' dir='ltr'>ceremus</span> <span class='ocrx_word' id='word_1_96' title='bbox 572 2552 822 2617; x_wconf 76' lang='lat' dir='ltr'>satisfactionem</span> <span class='ocrx_word' id='word_1_97' title='bbox 837 2552 991 2617; x_wconf 83' lang='lat' dir='ltr'>exhiberi.</span> <span class='ocrx_word' id='word_1_98' title='bbox 1023 2553 1241 2617; x_wconf 82' lang='lat' dir='ltr'>Restitutione</span> <span class='ocrx_word' id='word_1_99' title='bbox 1256 2558 1365 2615; x_wconf 86' lang='lat' dir='ltr'>autem</span> 
     </span>
     <span class='ocr_line' id='line_1_17' title="bbox 413 2654 1366 2738; baseline 0 -20"><span class='ocrx_word' id='word_1_100' title='bbox 413 2655 499 2720; x_wconf 83' lang='lat' dir='ltr'>facta</span> <span class='ocrx_word' id='word_1_101' title='bbox 518 2661 551 2719; x_wconf 88' lang='lat' dir='ltr'>et</span> <span class='ocrx_word' id='word_1_102' title='bbox 571 2656 788 2720; x_wconf 84' lang='lat' dir='ltr'>satisfactione</span> <span class='ocrx_word' id='word_1_103' title='bbox 808 2654 960 2728; x_wconf 83' lang='lat' dir='ltr'>exhibita,</span> <span class='ocrx_word' id='word_1_104' title='bbox 976 2676 1105 2719; x_wconf 89' lang='lat' dir='ltr'>causam</span> <span class='ocrx_word' id='word_1_105' title='bbox 1120 2676 1193 2738; x_wconf 80' lang='lat' dir='ltr'>quae</span> <span class='ocrx_word' id='word_1_106' title='bbox 1206 2654 1292 2719; x_wconf 91' lang='lat' dir='ltr'>inter</span> <span class='ocrx_word' id='word_1_107' title='bbox 1311 2675 1366 2718; x_wconf 88' lang='lat' dir='ltr'>cos</span> 
     </span>
     <span class='ocr_line' id='line_1_18' title="bbox 414 2757 1365 2842; baseline -0.002 -20"><span class='ocrx_word' id='word_1_108' title='bbox 414 2780 510 2842; x_wconf 89' lang='lat' dir='ltr'>super</span> <span class='ocrx_word' id='word_1_109' title='bbox 524 2758 645 2842; x_wconf 88' lang='lat' dir='ltr'>capella</span> <span class='ocrx_word' id='word_1_110' title='bbox 665 2758 704 2822; x_wconf 91' lang='lat' dir='ltr'>de</span> <span class='ocrx_word' id='word_1_111' title='bbox 725 2758 996 2823; x_wconf 76' lang='lat' dir='ltr'>cherlechestone</span> <span class='ocrx_word' id='word_1_112' title='bbox 1009 2757 1204 2836; x_wconf 82' lang='lat' dir='ltr'>vertebatur,</span> <span class='ocrx_word' id='word_1_113' title='bbox 1219 2764 1365 2821; x_wconf 85' lang='lat' dir='ltr'>cessante</span> 
     </span>
     <span class='ocr_line' id='line_1_19' title="bbox 415 2860 1365 2943; baseline -0.002 -18"><span class='ocrx_word' id='word_1_114' title='bbox 415 2861 625 2925; x_wconf 90' lang='lat' dir='ltr'>nihilominus</span> <span class='ocrx_word' id='word_1_115' title='bbox 651 2860 865 2943; x_wconf 88' lang='lat' dir='ltr'>appellatione</span> <span class='ocrx_word' id='word_1_116' title='bbox 891 2860 1121 2925; x_wconf 86' lang='lat' dir='ltr'>decideremus.</span> <span class='ocrx_word' id='word_1_117' title='bbox 1171 2860 1281 2926; x_wconf 81' lang='lat' dir='ltr'>Quam</span> <span class='ocrx_word' id='word_1_118' title='bbox 1305 2881 1365 2924; x_wconf 88' lang='lat' dir='ltr'>nos</span> 
     </span>
     <span class='ocr_line' id='line_1_20' title="bbox 414 2961 1366 3048; baseline -0.003 -20"><span class='ocrx_word' id='word_1_119' title='bbox 414 2964 545 3048; x_wconf 90' lang='lat' dir='ltr'>quidem</span> <span class='ocrx_word' id='word_1_120' title='bbox 565 2964 703 3027; x_wconf 81' lang='lat' dir='ltr'>formam</span> <span class='ocrx_word' id='word_1_121' title='bbox 725 2971 904 3045; x_wconf 87' lang='lat' dir='ltr'>sequentes,</span> <span class='ocrx_word' id='word_1_122' title='bbox 921 2962 998 3046; x_wconf 87' lang='lat' dir='ltr'>quia</span> <span class='ocrx_word' id='word_1_123' title='bbox 1019 2962 1060 3026; x_wconf 90' lang='lat' dir='ltr'>de</span> <span class='ocrx_word' id='word_1_124' title='bbox 1081 2961 1295 3046; x_wconf 85' lang='lat' dir='ltr'>appellatione</span> <span class='ocrx_word' id='word_1_125' title='bbox 1309 2962 1366 3025; x_wconf 81' lang='lat' dir='ltr'>Jo-</span> 
     </span>
     <span class='ocr_line' id='line_1_21' title="bbox 414 3064 1365 3150; baseline -0.005 -19"><span class='ocrx_word' id='word_1_126' title='bbox 414 3068 540 3145; x_wconf 88' lang='lat' dir='ltr'>hannis,</span> <span class='ocrx_word' id='word_1_127' title='bbox 565 3073 678 3150; x_wconf 89' lang='lat' dir='ltr'>utpote</span> <span class='ocrx_word' id='word_1_128' title='bbox 706 3087 815 3129; x_wconf 89' lang='lat' dir='ltr'>coram</span> <span class='ocrx_word' id='word_1_129' title='bbox 843 3065 936 3139; x_wconf 83' lang='lat' dir='ltr'>nobis</span> <span class='ocrx_word' id='word_1_130' title='bbox 965 3064 1092 3149; x_wconf 89' lang='lat' dir='ltr'>publice</span> <span class='ocrx_word' id='word_1_131' title='bbox 1117 3065 1212 3142; x_wconf 78' lang='lat' dir='ltr'>facta,</span> <span class='ocrx_word' id='word_1_132' title='bbox 1236 3064 1365 3147; x_wconf 87' lang='lat' dir='ltr'>plenam</span> 
     </span>
     <span class='ocr_line' id='line_1_22' title="bbox 414 3166 1366 3251; baseline -0.003 -19"><span class='ocrx_word' id='word_1_133' title='bbox 414 3168 612 3232; x_wconf 89' lang='lat' dir='ltr'>habebamus</span> <span class='ocrx_word' id='word_1_134' title='bbox 633 3175 819 3251; x_wconf 89' lang='lat' dir='ltr'>certamque</span> <span class='ocrx_word' id='word_1_135' title='bbox 840 3168 1000 3246; x_wconf 87' lang='lat' dir='ltr'>notitiam,</span> <span class='ocrx_word' id='word_1_136' title='bbox 1023 3167 1064 3230; x_wconf 89' lang='lat' dir='ltr'>de</span> <span class='ocrx_word' id='word_1_137' title='bbox 1085 3167 1177 3231; x_wconf 86' lang='lat' dir='ltr'>illata</span> <span class='ocrx_word' id='word_1_138' title='bbox 1197 3166 1258 3231; x_wconf 87' lang='lat' dir='ltr'>sibi</span> <span class='ocrx_word' id='word_1_139' title='bbox 1279 3172 1366 3248; x_wconf 86' lang='lat' dir='ltr'>post-</span> 
     </span>
     <span class='ocr_line' id='line_1_23' title="bbox 415 3268 1365 3351; baseline -0.002 -18"><span class='ocrx_word' id='word_1_140' title='bbox 415 3269 546 3333; x_wconf 92' lang='lat' dir='ltr'>modum</span> <span class='ocrx_word' id='word_1_141' title='bbox 569 3289 589 3331; x_wconf 91' lang='lat' dir='ltr'>a</span> <span class='ocrx_word' id='word_1_142' title='bbox 609 3268 775 3333; x_wconf 86' lang='lat' dir='ltr'>monachia</span> <span class='ocrx_word' id='word_1_143' title='bbox 798 3269 839 3333; x_wconf 88' lang='lat' dir='ltr'>de</span> <span class='ocrx_word' id='word_1_144' title='bbox 859 3270 1017 3333; x_wconf 79' lang='lat' dir='ltr'>Grestene</span> <span class='ocrx_word' id='word_1_145' title='bbox 1039 3268 1200 3347; x_wconf 86' lang='lat' dir='ltr'>violentia,</span> <span class='ocrx_word' id='word_1_146' title='bbox 1222 3268 1263 3332; x_wconf 91' lang='lat' dir='ltr'>de</span> <span class='ocrx_word' id='word_1_147' title='bbox 1285 3268 1365 3351; x_wconf 86' lang='lat' dir='ltr'>ejec-</span> 
     </span>
     <span class='ocr_line' id='line_1_24' title="bbox 415 3369 1366 3456; baseline 0 -21"><span class='ocrx_word' id='word_1_148' title='bbox 415 3372 504 3436; x_wconf 87' lang='lat' dir='ltr'>tione</span> <span class='ocrx_word' id='word_1_149' title='bbox 526 3372 596 3455; x_wconf 88' lang='lat' dir='ltr'>ejus</span> <span class='ocrx_word' id='word_1_150' title='bbox 618 3392 637 3435; x_wconf 99' lang='lat' dir='ltr'>a</span> <span class='ocrx_word' id='word_1_151' title='bbox 659 3369 754 3437; x_wconf 91' lang='lat' dir='ltr'>domo</span> <span class='ocrx_word' id='word_1_152' title='bbox 779 3394 847 3452; x_wconf 90' lang='lat' dir='ltr'>sua,</span> <span class='ocrx_word' id='word_1_153' title='bbox 871 3372 912 3435; x_wconf 90' lang='lat' dir='ltr'>de</span> <span class='ocrx_word' id='word_1_154' title='bbox 935 3372 1062 3436; x_wconf 86' lang='lat' dir='ltr'>damnis</span> <span class='ocrx_word' id='word_1_155' title='bbox 1087 3393 1146 3456; x_wconf 85' lang='lat' dir='ltr'>per</span> <span class='ocrx_word' id='word_1_156' title='bbox 1167 3370 1366 3435; x_wconf 88' lang='lat' dir='ltr'>invasionem</span> 
     </span>
     <span class='ocr_line' id='line_1_25' title="bbox 417 3473 1366 3556; baseline -0.002 -18"><span class='ocrx_word' id='word_1_157' title='bbox 417 3474 510 3550; x_wconf 87' lang='lat' dir='ltr'>datis,</span> <span class='ocrx_word' id='word_1_158' title='bbox 526 3494 583 3556; x_wconf 88' lang='lat' dir='ltr'>per</span> <span class='ocrx_word' id='word_1_159' title='bbox 597 3473 773 3556; x_wconf 80' lang='lat' dir='ltr'>legitimam</span> <span class='ocrx_word' id='word_1_160' title='bbox 788 3475 978 3539; x_wconf 89' lang='lat' dir='ltr'>idoneorum</span> <span class='ocrx_word' id='word_1_161' title='bbox 995 3476 1129 3539; x_wconf 86' lang='lat' dir='ltr'>testium</span> <span class='ocrx_word' id='word_1_162' title='bbox 1146 3474 1366 3552; x_wconf 83' lang='lat' dir='ltr'>assertionem,</span> 
     </span>
     <span class='ocr_line' id='line_1_26' title="bbox 416 3565 1368 3661; baseline 0 -22"><span class='ocrx_word' id='word_1_163' title='bbox 416 3575 478 3639; x_wconf 86' lang='lat' dir='ltr'>fide</span> <span class='ocrx_word' id='word_1_164' title='bbox 501 3576 567 3639; x_wconf 86' lang='lat' dir='ltr'>veri</span> <span class='ocrx_word' id='word_1_165' title='bbox 590 3574 762 3657; x_wconf 83' lang='lat' dir='ltr'>diligenter</span> <span class='ocrx_word' id='word_1_166' title='bbox 785 3583 819 3640; x_wconf 88' lang='lat' dir='ltr'>et</span> <span class='ocrx_word' id='word_1_167' title='bbox 842 3577 987 3641; x_wconf 85' lang='lat' dir='ltr'>districte</span> <span class='ocrx_word' id='word_1_168' title='bbox 1012 3578 1176 3661; x_wconf 88' lang='lat' dir='ltr'>inquisita,</span> <span class='ocrx_word' id='word_1_169' title='bbox 1200 3565 1368 3641; x_wconf 68' lang='lat' dir='ltr'>ecclesiam</span> 
     </span>
     <span class='ocr_line' id='line_1_27' title="bbox 414 3677 1367 3763; baseline 0.001 -21"><span class='ocrx_word' id='word_1_170' title='bbox 414 3678 518 3762; x_wconf 88' lang='lat' dir='ltr'>ipsam</span> <span class='ocrx_word' id='word_1_171' title='bbox 533 3677 572 3741; x_wconf 91' lang='lat' dir='ltr'>de</span> <span class='ocrx_word' id='word_1_172' title='bbox 588 3677 703 3757; x_wconf 85' lang='lat' dir='ltr'>Ferles,</span> <span class='ocrx_word' id='word_1_173' title='bbox 719 3699 793 3742; x_wconf 91' lang='lat' dir='ltr'>cum</span> <span class='ocrx_word' id='word_1_174' title='bbox 808 3680 897 3743; x_wconf 90' lang='lat' dir='ltr'>omni</span> <span class='ocrx_word' id='word_1_175' title='bbox 914 3680 1103 3763; x_wconf 86' lang='lat' dir='ltr'>integritate</span> <span class='ocrx_word' id='word_1_176' title='bbox 1117 3691 1150 3744; x_wconf 90' lang='lat' dir='ltr'>et</span> <span class='ocrx_word' id='word_1_177' title='bbox 1162 3680 1367 3763; x_wconf 85' lang='lat' dir='ltr'>pertinentiis</span> 
     </span>
     <span class='ocr_line' id='line_1_28' title="bbox 416 3779 1367 3861; baseline 0 -16"><span class='ocrx_word' id='word_1_178' title='bbox 416 3782 482 3845; x_wconf 90' lang='lat' dir='ltr'>suis</span> <span class='ocrx_word' id='word_1_179' title='bbox 502 3779 662 3859; x_wconf 90' lang='lat' dir='ltr'>omnibus,</span> <span class='ocrx_word' id='word_1_180' title='bbox 680 3789 859 3845; x_wconf 88' lang='lat' dir='ltr'>memorato</span> <span class='ocrx_word' id='word_1_181' title='bbox 874 3782 1018 3846; x_wconf 88' lang='lat' dir='ltr'>Johanni</span> <span class='ocrx_word' id='word_1_182' title='bbox 1036 3784 1164 3848; x_wconf 86' lang='lat' dir='ltr'>restitui</span> <span class='ocrx_word' id='word_1_183' title='bbox 1184 3781 1309 3861; x_wconf 88' lang='lat' dir='ltr'>debere,</span> <span class='ocrx_word' id='word_1_184' title='bbox 1325 3782 1367 3845; x_wconf 89' lang='lat' dir='ltr'>de</span> 
     </span>
     <span class='ocr_line' id='line_1_29' title="bbox 416 3882 1367 3969; baseline 0 -22"><span class='ocrx_word' id='word_1_185' title='bbox 416 3884 553 3947; x_wconf 77' lang='lat' dir='ltr'>fratrum</span> <span class='ocrx_word' id='word_1_186' title='bbox 568 3882 710 3961; x_wconf 87' lang='lat' dir='ltr'>consilio,</span> <span class='ocrx_word' id='word_1_187' title='bbox 726 3890 760 3947; x_wconf 89' lang='lat' dir='ltr'>et</span> <span class='ocrx_word' id='word_1_188' title='bbox 779 3890 872 3948; x_wconf 90' lang='lat' dir='ltr'>motu</span> <span class='ocrx_word' id='word_1_189' title='bbox 892 3884 993 3948; x_wconf 88' lang='lat' dir='ltr'>animi</span> <span class='ocrx_word' id='word_1_190' title='bbox 1011 3886 1125 3964; x_wconf 89' lang='lat' dir='ltr'>nostri,</span> <span class='ocrx_word' id='word_1_191' title='bbox 1140 3884 1314 3969; x_wconf 87' lang='lat' dir='ltr'>apostolica</span> <span class='ocrx_word' id='word_1_192' title='bbox 1331 3885 1367 3947; x_wconf 91' lang='lat' dir='ltr'>in</span> 
     </span>
     <span class='ocr_line' id='line_1_30' title="bbox 418 3986 1367 4071; baseline 0.001 -20"><span class='ocrx_word' id='word_1_193' title='bbox 418 3988 479 4051; x_wconf 93' lang='lat' dir='ltr'>hoc</span> <span class='ocrx_word' id='word_1_194' title='bbox 508 3986 582 4050; x_wconf 86' lang='lat' dir='ltr'>freti</span> <span class='ocrx_word' id='word_1_195' title='bbox 612 3987 802 4051; x_wconf 88' lang='lat' dir='ltr'>auctoritate</span> <span class='ocrx_word' id='word_1_196' title='bbox 830 3988 1120 4071; x_wconf 88' lang='lat' dir='ltr'>pronuntiavimus,</span> <span class='ocrx_word' id='word_1_197' title='bbox 1144 3997 1178 4053; x_wconf 88' lang='lat' dir='ltr'>et</span> <span class='ocrx_word' id='word_1_198' title='bbox 1204 3989 1244 4052; x_wconf 88' lang='lat' dir='ltr'>de</span> <span class='ocrx_word' id='word_1_199' title='bbox 1269 3989 1367 4052; x_wconf 88' lang='lat' dir='ltr'>illatis</span> 
     </span>
     <span class='ocr_line' id='line_1_31' title="bbox 419 4088 1368 4175; baseline -0.001 -20"><span class='ocrx_word' id='word_1_200' title='bbox 419 4090 482 4155; x_wconf 88' lang='lat' dir='ltr'>sibi</span> <span class='ocrx_word' id='word_1_201' title='bbox 506 4090 631 4154; x_wconf 90' lang='lat' dir='ltr'>damnis</span> <span class='ocrx_word' id='word_1_202' title='bbox 657 4088 716 4153; x_wconf 90' lang='lat' dir='ltr'>sub</span> <span class='ocrx_word' id='word_1_203' title='bbox 744 4098 855 4154; x_wconf 87' lang='lat' dir='ltr'>nostra</span> <span class='ocrx_word' id='word_1_204' title='bbox 879 4091 1042 4156; x_wconf 60' lang='lat' dir='ltr'>nuatione</span> <span class='ocrx_word' id='word_1_205' title='bbox 1062 4093 1190 4175; x_wconf 89' lang='lat' dir='ltr'>juratis,</span> <span class='ocrx_word' id='word_1_206' title='bbox 1216 4091 1368 4156; x_wconf 86' lang='lat' dir='ltr'>abbatem</span> 
     </span>
     <span class='ocr_line' id='line_1_32' title="bbox 420 4192 1370 4278; baseline 0.001 -21"><span class='ocrx_word' id='word_1_207' title='bbox 420 4194 468 4257; x_wconf 90' lang='lat' dir='ltr'>illi</span> <span class='ocrx_word' id='word_1_208' title='bbox 497 4193 532 4256; x_wconf 93' lang='lat' dir='ltr'>in</span> <span class='ocrx_word' id='word_1_209' title='bbox 561 4213 721 4255; x_wconf 89' lang='lat' dir='ltr'>summam</span> <span class='ocrx_word' id='word_1_210' title='bbox 744 4192 856 4257; x_wconf 90' lang='lat' dir='ltr'>decem</span> <span class='ocrx_word' id='word_1_211' title='bbox 881 4201 914 4258; x_wconf 94' lang='lat' dir='ltr'>et</span> <span class='ocrx_word' id='word_1_212' title='bbox 939 4202 1012 4258; x_wconf 88' lang='lat' dir='ltr'>octo</span> <span class='ocrx_word' id='word_1_213' title='bbox 1036 4216 1219 4259; x_wconf 89' lang='lat' dir='ltr'>marearum</span> <span class='ocrx_word' id='word_1_214' title='bbox 1242 4194 1370 4278; x_wconf 83' lang='lat' dir='ltr'>argenti</span> 
     </span>
     <span class='ocr_line' id='line_1_33' title="bbox 422 4294 1371 4380; baseline 0.002 -20"><span class='ocrx_word' id='word_1_215' title='bbox 422 4294 713 4360; x_wconf 87' lang='lat' dir='ltr'>condemnavimus.</span> <span class='ocrx_word' id='word_1_216' title='bbox 759 4296 811 4359; x_wconf 92' lang='lat' dir='ltr'>De</span> <span class='ocrx_word' id='word_1_217' title='bbox 836 4304 960 4374; x_wconf 85' lang='lat' dir='ltr'>caetero,</span> <span class='ocrx_word' id='word_1_218' title='bbox 985 4296 1020 4361; x_wconf 91' lang='lat' dir='ltr'>in</span> <span class='ocrx_word' id='word_1_219' title='bbox 1043 4318 1140 4361; x_wconf 89' lang='lat' dir='ltr'>causa</span> <span class='ocrx_word' id='word_1_220' title='bbox 1164 4318 1261 4380; x_wconf 88' lang='lat' dir='ltr'>quam</span> <span class='ocrx_word' id='word_1_221' title='bbox 1288 4318 1371 4379; x_wconf 84' lang='lat' dir='ltr'>saepe</span> 
     </span>
    </p>
   </div>
   <div class='ocr_carea' id='block_1_5' title="bbox 0 0 1630 5192">
    <p class='ocr_par' dir='ltr' id='par_1_5' title="bbox 0 0 1630 5192">
     <span class='ocr_line' id='line_1_34' title="bbox 0 0 1630 5192; baseline 0 0"><span class='ocrx_word' id='word_1_222' title='bbox 0 0 1630 5192; x_wconf 95' lang='lat' dir='ltr'> </span> 
     </span>
    </p>
   </div>
  </div>
 </body>
</html>
