3225 5192
259 725 326 768 an.
343 703 542 787 usa-48]
593 724 805 769 snocrsnnrn
822 725 999 771 amurcae.
1171 710 1215 774 67

258 839 345 923 quod
368 838 458 905 vobis
487 860 554 923 prm
579 838 729 905 manibus
753 848 813 920 est,
837 863 857 907 a
881 841 1020 910 dominia
1043 850 1078 909 et
1103 845 1214 911 amicis

258 943 377 1007 nostris
397 942 439 1007 ad
459 942 628 1009 dominum
648 965 764 1027 papam
785 944 920 1010 subsidii
940 946 1065 1013 litteras
1084 956 1214 1032 expeta-

258 1067 340 1110 mus.
387 1046 551 1129 Rogamus
580 1046 689 1130 itaque
717 1046 974 1113 benevolentiam
999 1056 1148 1129 vestram,
1174 1072 1215 1117 ea

259 1149 386 1234 quade
410 1150 499 1215 vobis
522 1150 658 1215 caritate
680 1150 882 1230 confidimus,
906 1159 945 1217 ut
969 1153 1063 1218 nobis
1088 1154 1213 1219 litteras

258 1258 380 1317 vestras
402 1252 444 1317 ad
466 1252 635 1317 domiuum
649 1274 765 1337 papam
780 1254 975 1334 concedatis,
990 1256 1107 1338 quibua
1120 1257 1215 1323 frain

259 1363 371 1420 nostro
386 1356 552 1421 Bernardo
568 1355 677 1421 abbati
692 1356 868 1421 cerneleia
882 1358 1105 1425 testimonium
1120 1361 1215 1443 quale

260 1458 310 1523 vel
329 1458 370 1522 de
388 1458 458 1541 ipso
475 1458 612 1523 forsitan
631 1458 775 1537 audistis,
792 1459 843 1523 vel
857 1481 878 1525 a
890 1460 1047 1543 religiosis
1060 1461 1215 1527 batribus

259 1560 371 1627 audire
385 1562 545 1645 potuistis,
560 1562 741 1647 praebeatis.
787 1564 896 1630 Quem
910 1565 998 1630 enim
1013 1572 1082 1631 tam
1096 1566 1215 1631 doctri·

258 1686 312 1743 na,
327 1686 425 1749 qnam
447 1665 514 1729 vita
535 1664 672 1747 dignum
695 1666 975 1733 commendatione
996 1668 1213 1751 cognovimus,

261 1766 302 1833 ab
317 1767 427 1831 amicis
442 1767 585 1831 veritatis
605 1768 641 1831 in
660 1768 731 1852 ipsa
743 1769 853 1853 sponsi
867 1770 1039 1854 prasentia
1052 1792 1213 1836 commen-

261 1872 330 1935 dari
349 1892 423 1937 cum
442 1870 567 1951 fiducia
581 1872 791 1955 postulamus.
837 1874 881 1938 Et
901 1874 1055 1957 quoniam
1074 1874 1136 1959 ipsi
1158 1875 1214 1938 ad-
1284 1915 1289 1927 ·

258 1996 369 2041 versus
396 1976 517 2060 aliquot
538 1976 654 2041 fratres
677 1976 898 2049 Oemelianses
920 1983 1098 2057 causaest,
1121 2000 1214 2061 roga-

261 2101 332 2144 mus
354 2070 392 2144 dt
414 2086 448 2145 et
470 2080 511 2144 de
532 2079 689 2145 electione
710 2079 823 2163 ipsius,
846 2088 879 2145 et
901 2080 1096 2165 expulsione,
1118 2089 1152 2146 et
1174 2082 1215 2146 de

259 2182 329 2267 ipsa
350 2182 565 2247 cerneliensis
586 2182 728 2247 ecclesiae
749 2182 968 2262 dissolutione,
991 2184 1079 2267 quod
1100 2184 1137 2248 in
1159 2206 1215 2249 ore
1322 2254 1325 2257 ,

161 2373 163 2377 Ι
260 2284 405 2350 omnium
419 2292 480 2363 est,
496 2291 528 2349 et
544 2284 630 2368 quod
644 2284 705 2369 ipsi
719 2306 831 2349 verum
846 2307 915 2350 esse
928 2291 963 2361 et
977 2308 1081 2352 causae
1095 2294 1215 2353 nostres

261 2388 410 2472 prodesse
424 2388 649 2471 cognoveritis,
665 2388 833 2473 adjiciatis.
871 2392 904 2455 A
918 2389 1050 2455 domino
1064 2396 1098 2455 et
1112 2392 1215 2456 amico

262 2512 381 2575 magna
403 2491 613 2576 exposcimus,
638 2492 690 2557 eui
715 2492 750 2557 in
773 2494 902 2576 magnis
927 2494 1027 2559 etium
1049 2500 1083 2559 et
1108 2495 1216 2559 arduis

262 2592 389 2661 obedire
405 2600 438 2659 et
453 2593 587 2679 obsequi
601 2616 668 2659 non
681 2616 877 2661 recusamus.
908 2596 976 2663 Vos
992 2597 1063 2661 Deo
1076 2596 1215 2691 denique

262 2698 365 2763 valere
379 2704 538 2783 optamus,
554 2696 589 2763 in
604 2698 734 2765 Christo
747 2699 865 2767 dilecte
878 2706 980 2784 pater.

279 2998 498 3065 EPISTOLA
520 3000 671 3067 Iule-sn
686 3021 883 3068 :cerauneis
898 3020 1195 3070 suassarasnussu

639 3124 842 3170 rsrscosuu.

265 3254 355 3317 Patri
375 3274 431 3317 eae
452 3260 484 3317 et
505 3254 627 3318 manino
646 3256 677 3319 J.
695 3256 923 3319 Soreeberieaei
944 3226 1217 3338 episeopo,'srater

309 3358 346 3420 G.
366 3356 543 3421 obtentae
562 3358 664 3422 dietae
683 3358 788 3438 abdas,
805 3360 926 3423 miseris
947 3380 1008 3423 noa
1023 3361 1099 3442 plue
1119 3360 1216 3422 ἱναεοί

307 3480 397 3542 qaam
412 3462 491 3524 satie
505 3467 561 3525 est.

309 3612 431 3677 Sumus
445 3613 576 3677 humilis
598 3620 648 3679 est
670 3621 704 3679 et
725 3615 906 3694 summissa,
922 3616 1072 3681 materias
1086 3636 1216 3680 exorare

264 3737 321 3799 pro
338 3716 408 3800 jum
429 3724 569 3795 mortuo,
585 3724 623 3781 ut
640 3718 710 3802 ipsc
729 3727 847 3801 agente
866 3719 953 3799 satis,
976 3726 1010 3784 et
1031 3724 1123 3802 patre
1144 3726 1216 3783 tan-

265 3817 338 3883 dem
367 3819 551 3898 miseraute,
582 3818 806 3903 quoquomodo
842 3827 1007 3883 revocetur
1036 3820 1078 3883 ad
1105 3819 1215 3883 vitam.

268 3920 382 3987 Gladio
411 3921 550 4006 spiritus,
583 3921 669 4005 quod
698 3928 748 3987 est
776 3922 912 3987 verbum
942 3922 1014 4002 Dei,
1044 3922 1217 4006 praecidisti

264 4022 422 4089 Alnrdum
433 4023 561 4107 jamdiu
580 4044 600 4087 a
618 4023 694 4103 vita,
711 4023 798 4107 quod
812 4022 940 4089 utinam
954 4046 1022 4089 non
1036 4024 1216 4103 meruisset,

265 4133 321 4192 aut
347 4125 374 4189 si
399 4126 529 4205 meruit,
552 4125 701 4209 spiritum
723 4126 811 4209 apud
832 4148 886 4192 vos
907 4127 1035 4193 utinam
1058 4126 1218 4208 condigne

263 4228 463 4294 satisfaciens
487 4229 675 4303 invenisset,
718 4230 815 4297 Quod
840 4238 949 4297 actum
973 4232 1049 4316 quia
1070 4228 1217 4294 nondum

264 4338 322 4411 est,
338 4324 503 4416 pulsamus
519 4330 561 4397 ad
574 4331 694 4397 ostium
709 4353 777 4399 uon
791 4332 887 4398 amici
900 4332 1015 4412 solum,
1030 4332 1087 4399 sed
1106 4337 1140 4395 et
1161 4351 1217 4414 pa

718 4436 771 4497 1²2
