3225 5192
257 693 325 737 nn.
344 670 541 753 nol-ee]
591 689 1025 736 nornoumrsmnrrsronn.
1146 676 1207 738 271

256 807 480 875 memorandas
500 827 596 873 suum
616 805 765 870 dominus
785 810 897 870 noster
914 827 972 870 rex
993 808 1139 873 animum
1153 831 1209 894 np-

254 911 420 998 pliesverit
449 915 483 976 et
512 908 692 987 eonsilium,
717 929 853 992 quornm
882 908 1062 979 observatio
1085 932 1161 977 enm
1190 933 1209 978 s

255 1014 344 1080 vobis
372 1019 407 1079 et
436 1034 457 1077 a
481 1011 692 1094 suffraganeis
718 1011 859 1076 eoelesiae
884 1018 998 1077 vestrm
1026 1013 1209 1098 exigeretur

256 1116 421 1202 episeopis,
450 1135 489 1180 eo
519 1113 605 1198 qnod
632 1114 667 1176 in
698 1112 891 1198 quibusdem
924 1135 1037 1180 earum
1068 1117 1209 1182 eoelesiss

255 1220 317 1286 Dei
336 1217 506 1285 videbatur
524 1215 658 1280 libertos
672 1215 819 1300 opprimi,
835 1237 1002 1282 assensum
1021 1218 1098 1284 dure
1117 1241 1208 1284 reeu-

256 1322 396 1388 sevimus
421 1325 636 1405 praeterquem
659 1318 711 1382 his
735 1339 807 1402 quae
833 1319 920 1384 salvo
944 1320 1066 1386 honore
1089 1322 1152 1386 Dei
1174 1329 1208 1387 et

255 1425 369 1490 ordine
386 1430 497 1489 nostro
516 1428 668 1507 poterant
687 1420 859 1487 observari.
904 1423 1063 1506 Erigebat
1083 1425 1207 1490 instan-

254 1534 306 1592 ter
319 1527 468 1608 'dominns
483 1532 595 1590 noster
608 1545 665 1589 rer
680 1523 917 1590 observationes
935 1546 1048 1595 eurum
1063 1527 1209 1593 obsolute

256 1629 316 1694 sibi
331 1651 351 1694 o
364 1628 459 1694 nobis
473 1627 664 1712 repromitti,
677 1627 733 1692 sed
749 1629 836 1712 quod
850 1628 992 1693 libertati
1007 1630 1209 1714 repugnabat

255 1732 405 1810 eoelesiae,
430 1737 464 1795 et
488 1728 612 1794 domini
636 1751 728 1814 popoe
751 1729 910 1808 fidelitati,
934 1727 1067 1794 anobis
1089 1751 1208 1814 neque·

255 1856 350 1920 quem
364 1834 472 1918 potuit
486 1832 637 1898 obtineri.
681 1831 735 1897 Ob
756 1853 887 1896 oensem
905 1833 991 1898 buno
1009 1833 1112 1898 oooeti
1131 1842 1209 1898 sunt

255 1943 367 2015 eoetus,
382 1943 416 2000 et
437 1941 613 2024 oonroeeto
634 1934 779 2000 eoncilia.
825 1935 914 2002 Quid
928 1934 1114 2000 meminisse
1127 1957 1208 2020 opus

255 2045 315 2118 est,
338 2045 508 2121 quaesunt
530 2043 603 2102 noto
624 2036 825 2102 londoniis?
856 2057 928 2120 quae
950 2037 1057 2104 denuo
1081 2037 1207 2103 Ozene-

254 2140 388 2206 fordioe?
421 2140 508 2208 Quaev
518 2148 610 2223 gesto
624 2147 701 2204 sunt
716 2139 950 2218 Olarendoniae,
962 2139 1005 2204 ed
1018 2141 1206 2206 memorium

255 2264 447 2308 revocemus.
492 2243 561 2308 Ubi
578 2244 768 2308 continuato
786 2243 896 2307 triduo
916 2242 952 2306 id
974 2243 1078 2308 solnm
1098 2251 1207 2309 sotum

255 2351 313 2425 est,
328 2352 366 2410 ut
380 2343 652 2410 observandarum
671 2346 765 2429 regni
786 2345 1060 2410 consuetudinum
1081 2352 1115 2411 et
1137 2346 1207 2430 dig·
1235 2397 1239 2402 .

255 2447 397 2511 uitatum
426 2468 446 2511 a
474 2445 568 2510 uobis
604 2447 696 2510 fieret
733 2431 882 2510 absoluto
916 2447 1093 2530 promissio.
1153 2448 1207 2512 Ibi

255 2551 373 2636 quippe
395 2548 560 2613 vobiscum
583 2547 742 2626 stetimus,
766 2568 863 2630 quem
886 2547 923 2610 in
948 2546 1071 2612 domini
1092 2547 1208 2632 spiritu

255 2661 341 2718 stsre
364 2651 492 2717 fortiter
515 2649 764 2715 estimabantur.
811 2648 969 2713 Stetimus
993 2649 1125 2733 quidem
1147 2650 1207 2716 im-

255 2755 398 2835 mobiles,
414 2754 562 2819 stetimns
577 2751 795 2837 imperterriti.
843 2751 1000 2814 Stetimus
1013 2752 1050 2816 in
1062 2752 1207 2818 fortune·

255 2881 327 2924 rum
349 2857 564 2943 dispendium,
579 2855 615 2920 in
630 2855 809 2920 omninum
824 2874 1002 2938 oorporum
1016 2855 1054 2918 in
1067 2855 1208 2922 nubem.

257 2962 334 3026 dum
363 2960 504 3040 exilium,
531 2957 737 3024 subeundum
764 2977 901 3042 quoque,
928 2957 957 3020 si
984 2957 1030 3022 sio
1058 2957 1208 3024 domiuus

255 3063 460 3148 pennisisset,
474 3069 509 3127 et
524 3061 678 3146 gladium.
713 3059 796 3127 Quis
810 3081 956 3142 unquam
969 3067 1062 3144 puter
1076 3060 1159 3124 filios
1171 3062 1208 3126 in

256 3185 316 3228 sue
329 3162 402 3247 plus
415 3161 530 3226 babuit
545 3159 744 3225 oonfessione
758 3158 954 3224 eoneordes?
977 3159 1049 3242 quis
1063 3180 1208 3243 unquam

256 3265 329 3348 plus
349 3263 543 3329 unanimes?
563 3262 679 3326 inclusi
700 3283 828 3326 eremus
848 3283 960 3326 omues
974 3261 1117 3328 oonelnvi
1129 3283 1206 3342 nno,

257 3367 311 3432 die
330 3387 405 3431 vero
427 3366 525 3430 tertio
546 3385 619 3430 eum
642 3365 713 3449 jem
736 3363 831 3447 regni
856 3363 1015 3448 principes
1038 3371 1072 3428 et
1095 3385 1207 3430 omnes

258 3470 388 3555 quidem
407 3467 531 3534 nobiles
551 3468 586 3532 in
608 3489 751 3531 summes
770 3467 891 3532 coleron
906 3467 1107 3547 exemissent,
1121 3468 1208 3535 facto

258 3573 388 3657 quidem
415 3571 557 3650 fremitu,
583 3578 616 3635 et
645 3569 784 3653 strepitu
813 3570 963 3635 conclave
987 3591 1050 3655 quo
1075 3570 1206 3636 sedebo·

258 3699 329 3742 mus
351 3676 487 3761 ingressi
508 3674 635 3760 rejectis
655 3673 770 3758 palliis,
786 3673 966 3756 exertisque
987 3672 1125 3738 brachiis
1147 3696 1206 3740 nos

258 3779 366 3844 taliter
394 3777 525 3844 allocuti
554 3782 642 3842 sunt.
687 3775 859 3841 Attendite
884 3775 940 3858 qui
964 3776 1058 3858 regni
1086 3784 1209 3842 statuto

258 3881 474 3962 oontemnitis,
501 3880 557 3963 qui
585 3877 672 3962 regis
697 3880 788 3962 Jussa
816 3898 885 3941 non
914 3876 1084 3961 sincipitis.
1128 3878 1207 3944 Non

258 3991 377 4048 nostrae
400 3990 477 4052 sue
499 4003 616 4047 monus
638 3981 711 4046 ister
735 4001 815 4064 quus
837 3979 979 4060 eernitis,
1004 4001 1072 4045 non
1097 3988 1209 4044 nostro

258 4085 398 4165 bruchio,
413 4107 481 4151 nou
500 4085 570 4152 haeo
589 4085 722 4150 demum
736 4103 870 4168 corpore
887 4090 1009 4161 nostre,
1023 4103 1137 4148 verum
1151 4080 1207 4146 do-

258 4189 339 4253 mini
357 4187 461 4253 nostri
480 4188 564 4272 regis
585 4186 721 4252 Henrici
742 4192 821 4251 sunt
842 4185 883 4250 ed
905 4206 1036 4251 omnem
1057 4185 1126 4267 ejus
1147 4205 1208 4248 nu·

257 4289 534 4370 tnm,ndomnem
545 4290 614 4374 ejus
625 4289 843 4356 ulciscendum
853 4285 1209 4372 injurinm,edomnem
