3225 5192
214 681 218 687 “
271 696 339 740 ω.
358 677 556 759 1161-89.]
607 697 1050 744 nouuoussusrsrrrsrosn.
1160 685 1225 746 339

269 810 360 874 mino
380 810 517 892 gratiam
538 809 753 891 ministrante,
775 813 1002 878 reformentur.
1049 816 1135 881 Quia
1150 838 1225 881 vero

269 911 311 976 ad
334 911 584 976 sollicitudinem
610 921 755 978 nostram
779 916 941 998 portinere
963 917 1141 982 dinoscitur
1161 920 1225 984 fra·

268 1022 335 1078 tres
356 1021 388 1078 et
409 1015 610 1100 coepiscopos
633 1024 760 1082 nostros
782 1018 824 1082 ad
846 1021 1018 1084 concilium
1040 1042 1224 1100 morosam,

268 1116 309 1180 ab
325 1117 394 1200 ipso
409 1125 447 1182 ut
461 1117 495 1181 id
510 1117 664 1183 faciamus
679 1121 714 1183 in
729 1121 892 1186 mandatis
906 1124 1096 1206 accepimus.
1142 1121 1224 1188 Inde

268 1226 326 1298 est,
343 1220 429 1303 quod
448 1221 646 1284 fraternitati
667 1229 781 1286 vestrae
800 1223 900 1306 ipsius
920 1226 1112 1290 auctoritate
1131 1248 1222 1289 man·

267 1321 391 1400 damus,
408 1329 441 1386 et
460 1322 495 1385 in
515 1322 546 1386 vi
566 1323 757 1388 obedientiae
770 1325 983 1410 injungimus,
999 1334 1037 1390 ut
1051 1328 1223 1392 Dominica

267 1445 331 1506 qua
346 1429 497 1488 cantatur
512 1425 669 1490 ‘Caritate
686 1428 826 1492 Domine
841 1429 1003 1492 canticum
1020 1431 1162 1508 novum‚’
1179 1429 1221 1494 ob

266 1547 396 1590 causam
411 1535 621 1592 memoratam
643 1530 796 1593 assessuri
818 1531 880 1594 sibi
899 1532 1078 1595 Loudoniae
1092 1532 1172 1612 sitis,
1187 1540 1221 1597 et

265 1629 372 1693 medio
386 1636 531 1712 tempore
547 1652 621 1695 cum
637 1635 727 1696 omui
741 1634 868 1697 cautela
882 1641 915 1698 et
931 1633 1100 1716 diligentia
1113 1655 1220 1699 exces-

242 1753 319 1814 sus
339 1731 455 1814 quibus
482 1733 626 1798 dioecesis
650 1743 757 1800 vestra
779 1737 905 1800 laborat
928 1737 1108 1820 inquiratis,
1124 1744 1162 1800 ut
1185 1738 1221 1800 in

265 1836 408 1900 medium
430 1837 571 1916 deducti,
588 1840 778 1904 correctioni
800 1839 1044 1924 subjaceant‘et
1065 1860 1218 1903 censurae.

264 1938 370 2021 Ipsius
390 1938 488 2002 etiam
504 1939 592 2003 vobis
608 1941 799 2004 auctoritate
819 1941 1032 2025 injungimus,
1047 1950 1085 2005 ut
1103 1941 1218 2006 dioece-

264 2040 307 2103 sis
325 2047 439 2106 vestrae
459 2041 642 2122 abbatibus,
657 2043 900 2122 archidiaconis,
920 2042 1090 2127 prioribus,
1111 2051 1144 2108 et
1163 2044 1218 2108 de·

264 2143 352 2206 canis
374 2143 518 2208 loconrm
535 2146 797 2210 conventualium
812 2147 946 2210 verbum
960 2148 1023 2211 hoc
1037 2147 1218 2225 notificetis,

264 2254 296 2310 et
316 2268 372 2311 eos
392 2255 430 2312 ut
450 2247 620 2332 designato
641 2248 712 2313 loco
732 2255 765 2313 et
786 2257 931 2332 tempore
952 2249 987 2312 in
1007 2249 1142 2314 concilio
1161 2249 1217 2312 do-

263 2349 351 2413 mino
365 2351 474 2432 legato
488 2351 692 2432 praesentiam
709 2351 892 2428 exhibeant,
907 2352 1007 2435 ipsius
1025 2353 1217 2416 auctoritate

263 2451 380 2515 citetis.
411 2451 538 2514 Valete.

408 2758 631 2824 EPIS'POLA
653 2759 904 2823 coxam-ln
919 2779 1074 2822 sonoras.

267 2911 441 2974 Venerabili
460 2913 581 2975 domiuo
588 2908 751 2993 fratrique
766 2909 927 2972 cardamo
942 2869 977 2971 J,
994 2907 1215 2971 Solesberr‘euai

303 3014 365 3076 Dei
384 3017 492 3095 pratia
516 3014 667 3095 episcopo,
681 3012 792 3095 frater
813 3011 970 3075 Gilbertw
991 3010 1215 3073 Loudoaieasis

309 3115 496 3200 [episcopus]
516 3117 656 3179 salutem.

304 3267 474 3332 Irmrlros
489 3269 674 3352 evangelica
687 3269 814 3346 mulier,
830 3289 902 3351 qua
920 3267 1105 3332 drachmam
1124 3287 1213 3351 repe·

259 3371 303 3436 rit
333 3391 430 3455 quam
460 3371 578 3434 amisit.
634 3370 739 3435 Nobis
765 3391 893 3454 quoque
919 3369 1128 3453 gaudendum
1153 3379 1212 3448 est,

260 3475 335 3557 quia
354 3493 434 3556 quos
453 3473 489 3536 in
509 3473 689 3556 longinqua
708 3473 894 3552 direximus,
909 3479 943 3536 et
963 3472 1055 3555 quasi
1075 3471 1213 3555 perdidi·

259 3599 340 3655 mus,
361 3576 531 3640 lividorum
551 3576 730 3661 latratuum
752 3576 858 3640 Scillis
879 3577 1013 3640 tandem
1035 3577 1212 3660 enavigatis

259 3700 353 3744 sanos
373 3686 406 3744 et
425 3680 613 3758 incolumes,
630 3685 663 3743 et
683 3700 835 3764 prospera
853 3680 1055 3759 nunciantes,
1071 3681 1212 3745 Domino

259 3791 374 3848 cuncta
393 3785 444 3867 pie
464 3784 656 3866 disponente
675 3784 863 3866 recepimus.
909 3783 1007 3848 Unde
1027 3783 1108 3846 mihi
1125 3784 1211 3848 vide-

257 3893 403 3950 turrem
424 3886 492 3950 fore
513 3885 648 3964 consilii,
664 3892 701 3948 ut
724 3885 765 3948 ad
786 3885 895 3948 locum
917 3905 1014 3967 quem
1036 3885 1211 3967 assignavit

257 3989 407 4053 dominus
435 4011 501 4066 rex,
528 3989 649 4052 scilicet
675 3989 927 4070 Argentomrem
956 4009 1047 4051 mora
1075 3987 1210 4050 minime

256 4091 464 4175 pertrahente
490 4111 727 4168 concurramus,
752 4097 790 4152 ut
814 4090 861 4153 ibi
887 4087 1009 4173 domini
1037 4089 1123 4169 regis
1153 4095 1211 4150 aut
1299 4070 1308 4086 ⁰

256 4194 477 4277 praestolemur
495 4191 680 4267 adventum,
697 4197 754 4254 aut
774 4191 802 4254 si
821 4212 880 4254 nos
900 4191 942 4254 ad
961 4211 996 4254 se
1015 4188 1124 4252 venire
1139 4190 1208 4272 jus-

258 4301 344 4376 serit,
382 4297 611 4380 expeditiorem
653 4295 829 4358 habeamus
865 4294 942 4357 hinc
979 4293 1020 4355 ad
1056 4293 1210 4356 ulteriora
1256 4372 1261 4383 Ι

710 4399 762 4463 ι2
