3225 5192
424 673 491 736 290
736 693 897 736 nissum
916 693 1066 737 snsscori

425 806 593 873 sd'sntinne
613 807 816 892 porrigimus,
831 807 985 894 quatinus
1005 807 1103 891 hujus
1122 807 1289 872 servitium
1308 827 1378 870 sus-

425 909 559 994 cipistis,
575 915 608 975 et
628 917 665 975 ut
684 910 835 975 dominus
848 917 960 976 noster
973 931 1031 974 rex
1044 909 1157 974 metris
1171 931 1238 974 sum
1252 909 1378 974 doneti-

424 1033 531 1093 onem,
547 1013 609 1078 sibi
623 1033 662 1078 es
676 1035 773 1098 qusm
792 1013 861 1098 ipss
879 1012 1054 1078 lnudsbitis
1073 1013 1194 1078 servitii
1212 1013 1377 1078 tustinus

424 1117 591 1184 modersts
611 1119 790 1198 confirmet,
810 1117 994 1194 obtinentis,
1012 1123 1051 1182 ut
1072 1125 1107 1182 et
1127 1117 1235 1202 ipsum
1256 1115 1377 1182 servitii

424 1241 550 1306 semper
564 1219 749 1300 obnoxium,
765 1228 799 1286 et
814 1242 867 1286 me
881 1221 924 1286 ed
937 1221 1092 1306 plseitum
1106 1228 1249 1288 vestrum
1262 1229 1297 1286 et
1311 1241 1375 1285 ser-

422 1321 493 1388 vitii
507 1329 541 1389 et
555 1323 667 1408 gratiss
682 1321 862 1388 debitorem
880 1321 1037 1390 habentis.
1082 1323 1200 1390 anere
1215 1345 1270 1388 vos
1284 1331 1373 1408 optu-

422 1448 505 1507 mus,
520 1427 556 1492 in
571 1425 712 1492 Domino
726 1427 899 1492 carissime.

467 1529 510 1594 In
533 1529 643 1596 eodiee
665 1529 801 1612 legitur:
835 1527 933 1596 Quod
954 1529 982 1594 si
1005 1529 1076 1614 quis
1100 1529 1216 1594 dixerit
1237 1529 1376 1614 imperu-

422 1641 527 1698 sorem
549 1631 718 1716 perfidum,
739 1637 892 1710 stroeem,
911 1629 1081 1716 injustum,
1101 1633 1153 1697 vel
1171 1632 1251 1715 quid
1272 1632 1374 1697 simile

422 1734 609 1820 profanent,
625 1734 652 1799 si
670 1753 710 1800 ex
729 1733 861 1800 levitate
874 1734 1073 1818 processerit,
1089 1733 1373 1799 contemnendum.

422 1837 600 1904 Lubrieum
614 1839 702 1904 enim
718 1837 839 1923 linguis
858 1837 900 1902 sd
919 1857 1051 1921 poensm
1069 1837 1162 1902 facile
1178 1838 1374 1903 trahendum

422 1963 489 2007 non
509 1949 569 2006 est.
616 1941 652 2005 Si
671 1959 712 2006 ex
730 1938 1374 2018 msnninfumrisvimvsnbiemisers·

420 2045 510 2110 tinne
531 2044 679 2128 dignum.
726 2043 762 2107 Si
787 2042 829 2107 nb
852 2041 981 2127 injutis,
1003 2041 1045 2106 sd
1067 2063 1129 2108 nos
1150 2043 1373 2108 transmitten-

420 2146 509 2210 dnm.
554 2146 634 2211 Ideo
653 2165 693 2210 ex
712 2147 858 2229 pessonis
876 2143 1046 2211 hominnm
1065 2165 1238 2229 pensemus
1251 2145 1372 2211 dietum

420 2247 486 2314 tsle
500 2246 617 2312 debers
630 2247 749 2332 psmiri,
763 2247 1002 2332 impunitumve
1014 2249 1164 2333 relinqui.

420 2565 641 2632 EPIS'POLA
663 2565 944 2630 exosum-sn
967 2585 1173 2632 usussssnss
1197 2587 1373 2633 unsinn-

701 2689 767 2733 ssu
784 2687 1098 2735 sncnlsnsscnnuu.

426 2821 600 2886 Venerabili
622 2819 744 2884 domino
757 2818 922 2902 fratrique
944 2821 978 2884 iu
997 2820 1123 2884 Cis-ino
1144 2822 1305 2886 canum
1323 2825 1372 2886 Μ.

463 2923 637 2988 Pusisiensi
650 2923 712 2988 Dei
723 2923 832 3005 pratia
846 2924 998 3005 episeopo,
1004 2921 1117 3005 frater
1130 2923 1168 2987 G.
1180 2925 1374 2990 mindonien-

461 3028 507 3092 sis
525 3027 658 3090 encleuioe
676 3027 828 3106 minister,
846 3026 978 3090 sudum
999 3031 1031 3090 et
1050 3025 1178 3090 εἰπσονω
1199 3027 1374 3094 dikdiessis

462 3128 617 3212 affectum.

463 3277 592 3342 Nonuu
616 3278 658 3343 sit
679 3278 807 3344 dentati
821 3283 945 3358 vestrm,
961 3277 1048 3361 qnod
1069 3299 1130 3344 nos
1150 3280 1255 3345 secuti
1274 3281 1372 3346 fidem

419 3381 566 3446 msndsti
586 3381 693 3460 vestri,
716 3381 814 3446 simul
835 3387 870 3446 st
894 3381 1121 3448 auetoritstem
1143 3383 1254 3468 scripti
1275 3386 1371 3450 vestri

417 3483 609 3563 authentici,
625 3483 711 3568 qnod
724 3490 832 3549 vestro
852 3503 952 3568 penes
972 3505 1034 3550 nos
1053 3483 1174 3550 residet
1194 3486 1300 3571 sigdlo
1319 3487 1370 3552 in-

416 3586 585 3670 signitum,
600 3585 817 3670 burgensibus
836 3586 1074 3654 Psrisiensibus
1094 3609 1155 3674 pro
1174 3589 1292 3673 quibus
1312 3611 1371 3656 no·

418 3689 469 3754 bis
480 3688 659 3772 sesipsistis,
671 3689 883 3755 creditoribus
891 3691 1040 3758 videlieet
1047 3693 1205 3758 Willelmi
1215 3694 1257 3760 ds
1267 3696 1371 3760 Bean-

418 3797 521 3871 mont,
544 3798 665 3876 quanta
690 3793 854 3878 potuimus
877 3802 912 3860 et
935 3793 1107 3860 debuimus
1128 3795 1307 3881 diligentis,
1329 3797 1371 3864 sd

414 3893 665 3960 indemnitatem
680 3895 912 3981 prospeximus.
946 3897 1047 3963 Porro
1060 3897 1097 3963 in
1110 3900 1284 3982 presentie
1296 3902 1371 3965 mis·

418 4019 527 4065 sorum
552 4003 732 4064 vestrorum
761 4021 819 4085 per
847 3999 980 4068 idoneos
1010 4008 1044 4067 et
1073 4003 1269 4069 sufficientes
1293 4004 1370 4069 tide

413 4103 557 4188 jussores
570 4121 629 4188 pro
639 4101 804 4170 Willelmo
818 4112 950 4170 usutum
965 4112 1025 4186 est,
1037 4107 1123 4191 quod
1136 4107 1180 4172 sd
1192 4107 1371 4174 instantem

416 4206 623 4273 festivitatem
652 4207 756 4272 ssnuti
786 4207 963 4288 laurentii,
990 4215 1064 4274 ueto
1091 4229 1209 4279 murno
1244 4211 1372 4294 urgenti

417 4310 578 4393 predictis
593 4309 805 4377 oreditoribus
818 4311 856 4376 in
871 4312 1064 4378 solutionem
1080 4312 1269 4378 reddentur.
1315 4315 1371 4378 In-
