3225 5192
298 723 364 765 an.
383 701 581 784 nae-48]
628 722 840 766 onoursrnrn
857 724 1033 767 srrsronn.
1209 710 1252 770 99

297 856 445 922 umbram
466 854 631 934 habemus,
651 856 720 940 jam
741 856 825 920 nihil
845 858 971 941 agendo
985 857 1084 922 libere
1106 858 1164 923 sed
1185 882 1250 924 ser-

296 960 351 1038 vis,
367 959 423 1043 qui
446 958 652 1023 increverunt
672 959 778 1038 hodie,
794 966 951 1043 tanquam
963 962 1143 1026 voluntarie
1158 962 1249 1027 obse-

297 1061 433 1145 quendo.
479 1061 567 1125 Nam

471 1264 698 1279 .....
743 1216 844 1283 levius
859 1219 897 1281 fit
910 1217 1068 1301 patientia

471 1317 634 1402 Quicquid
649 1319 807 1403 corrigere

296 1504 362 1546 non
377 1489 427 1546 est
440 1481 501 1557 fas.
527 1482 571 1545 Et
586 1480 666 1564 quid
681 1480 743 1545 erit
757 1481 832 1545 linis
846 1482 1006 1546 miseria?
1032 1484 1147 1549 Dicam
1163 1488 1248 1570 quod

296 1587 409 1651 sentio.
455 1586 545 1650 Dum
567 1585 667 1649 stabit
684 1585 892 1664 abominatio,
909 1586 1019 1651 deesse
1038 1609 1105 1653 non
1126 1591 1247 1673 poterit

296 1688 458 1754 desolatio.
505 1688 547 1753 In
566 1688 675 1751 Deum
695 1688 835 1771 graviter
849 1689 1008 1753 offensum
1025 1698 1073 1755 est
1088 1699 1122 1757 et
1136 1700 1250 1758 contra

294 1792 474 1856 insensatos
489 1812 546 1875 pro
561 1790 630 1875 ipso
648 1798 773 1875 pugnat
789 1791 875 1856 orbis
895 1798 1064 1857 terrarum.
1111 1796 1248 1861 Revoce-

295 1903 349 1959 tur
376 1895 417 1959 ad
442 1895 606 1980 justitiam
633 1902 754 1975 status;
785 1895 872 1961 bona
896 1898 1054 1982 principia
1078 1899 1247 1965 laudabilis

296 2000 399 2063 exitus
424 2005 646 2083 prosequetur.
691 1996 784 2062 Inter
810 2006 926 2063 caetera
945 2020 1017 2083 quae
1038 2000 1156 2081 dixisti,
1178 2004 1248 2067 lau-

295 2101 443 2166 dabiliter
465 2108 498 2166 et
520 2101 581 2165 hoc
603 2100 744 2185 positum
767 2108 825 2165 est.
871 2102 949 2165 Non
970 2124 1009 2166 ex
1030 2110 1100 2167 toto
1118 2105 1154 2168 in
1174 2127 1246 2189 per-

295 2205 413 2270 niciem
439 2204 537 2283 vadit,
565 2204 621 2287 qui
651 2204 691 2270 de
719 2205 827 2269 medio
856 2206 949 2269 malae
977 2207 1036 2270 viae
1065 2211 1245 2273 revertitur.

295 2310 454 2373 Reversus
477 2308 608 2392 quidem
630 2330 674 2386 es,
697 2330 758 2373 nec
783 2329 928 2372 reversus
954 2309 1068 2390 solum,
1092 2311 1149 2375 sed
1171 2305 1246 2376 con-

295 2433 413 2476 versus.
446 2412 588 2475 Audiisti
603 2432 750 2495 peccasse
765 2411 1018 2492 multitudinem,
1031 2421 1064 2478 et
1079 2415 1121 2477 ad
1134 2415 1247 2479 horam

296 2519 454 2601 impetum
469 2517 689 2582 multitudinis
705 2540 739 2582 es
754 2525 920 2602 sequutus.
966 2519 1032 2582 Ore
1050 2517 1154 2601 magis
1173 2540 1247 2603 pec-

295 2622 375 2686 casti
406 2644 504 2705 quam
534 2621 640 2685 corde.
700 2620 744 2685 Et
777 2621 929 2705 quicquid
959 2642 1014 2684 ore
1043 2620 1247 2704 promitteres

294 2724 389 2789 fidem
411 2724 508 2790 corde
531 2724 687 2789 servabas.
733 2724 806 2789 Filii
828 2723 930 2788 Israel
951 2723 1144 2806 quandoque
1159 2744 1245 2787 com-

294 2828 386 2893 mixti
409 2834 486 2892 sunt
509 2828 595 2892 inter
614 2835 736 2911 gentes,
757 2834 790 2891 et
813 2826 996 2890 didicerunt
1019 2847 1116 2909 opera
1134 2847 1245 2889 eorum

295 2939 327 2995 et
347 2932 524 2995 servierunt
544 2930 725 2995 scultilibus
745 2952 867 2995 eorum.
912 2930 963 2995 'Pu
978 2952 1105 3013 quoque
1124 2930 1160 2993 in
1174 2951 1247 3014 pro·

293 3050 373 3093 num
396 3038 546 3093 currente
569 3030 790 3109 multitudine,
811 3051 879 3093 non
902 3028 943 3092 ad
966 3028 1086 3112 primos
1105 3029 1245 3112 impetus

293 3132 450 3197 restitisti.
506 3133 579 3197 Nec
600 3140 714 3197 contra
735 3138 913 3196 torrentem
935 3131 1066 3196 brachia
1085 3132 1246 3196 inutiliter

294 3238 437 3319 ra'neque
448 3236 589 3319 jactasti.
616 3236 743 3299 Nactus
758 3235 1033 3320 opportunitatem
1050 3235 1136 3318 quod
1151 3235 1245 3299 corde

294 3338 421 3403 fovebas
435 3339 522 3423 apud
536 3346 579 3417 te,
590 3339 671 3404 illud
687 3360 782 3423 opere
797 3339 1044 3403 demonstrasti:
1067 3338 1124 3402 sed
1139 3338 1243 3421 quite

294 3443 408 3506 aemulo
430 3442 528 3506 livore
549 3442 761 3527 persequitur,
785 3442 941 3525 geminati
967 3442 1100 3526 perjurii
1123 3444 1243 3505 calum·

294 3544 381 3608 niam
395 3544 539 3609 fortassis
554 3552 705 3629 opponet.
753 3544 860 3608 Semel
873 3546 1033 3629 pejerasse
1046 3545 1169 3608 malum
1184 3552 1244 3624 est,

293 3646 425 3711 iterasse
453 3646 632 3732 perjurium
658 3647 762 3711 multo
788 3648 888 3731 pejus
934 3648 1043 3729 Magis
1072 3646 1173 3730 igitur
1194 3646 1245 3710 bis

293 3772 390 3833 quam
419 3750 518 3814 semel
543 3752 688 3835 perjuros
716 3750 887 3835 ajustitia
911 3751 1086 3829 recessisse,
1114 3751 1245 3833 quidsi

293 3874 367 3916 cum
388 3875 465 3937 rege
483 3854 634 3933 stetisses,
651 3853 751 3917 semel
775 3854 906 3937 quidem
929 3854 1113 3938 pejerasses,
1137 3855 1244 3939 perju-

292 3956 377 4020 rium
400 3962 511 4021 tamen
537 3978 603 4020 non
626 3956 784 4035 iterasses,
804 3956 941 4039 ideoque
965 3956 1079 4021 melius
1104 3957 1243 4021 fecisses.

292 4060 346 4123 Ne
366 4067 400 4123 te
421 4060 537 4143 siliqua
550 4082 633 4124 vana
652 4066 840 4143 perterreat,
855 4060 1044 4125 fidelitatem
1059 4060 1127 4139 uni,
1142 4060 1244 4123 fideli·

292 4169 394 4227 tatem
412 4164 641 4247 promisistiet
661 4164 754 4228 alteri
763 4190 773 4242 3
796 4164 901 4248 primo
918 4165 971 4228 cui
991 4163 1140 4240 debebas,
1155 4170 1243 4245 post·
1279 4148 1282 4153 ¹

293 4266 426 4330 modum
457 4268 509 4330 cui
534 4289 602 4331 non
628 4265 776 4330 debebas.
823 4268 933 4332 Primo
962 4288 1029 4331 non
1058 4266 1242 4349 pejerasses,

292 4368 356 4430 nisi
372 4367 513 4431 secundo
532 4366 702 4432 aberasses.
748 4367 801 4432 Ab
821 4370 882 4433 hoc
898 4390 1003 4433 errore
1019 4366 1195 4444 declinasti,
1211 4372 1244 4429 et

738 4474 797 4535 112
