3225 5192
245 720 313 763 an.
331 698 529 781 nol-aa]
581 716 1025 761 nonnosrrnsrssarsrons.
1135 700 1199 762 285

244 836 364 901 bonam
379 834 615 900 Lincolniensis
631 834 773 914 ecclesia,
790 833 906 898 devota
924 834 991 897 filia
1004 840 1112 898 vosne
1125 855 1201 899 con·

241 940 375 1023 cipiens‚
391 946 424 1002 et
438 938 540 1023 ipsius
554 936 761 1021 prudentiam
776 937 812 1001 in
827 958 865 1001 eo
880 958 978 1021 quem
994 937 1199 1003 administra·

243 1044 290 1107 vit
305 1042 568 1107 archidiaconatu
581 1041 803 1125 contemplans
819 1048 853 1105 et
867 1040 1057 1125 approbans,
1069 1062 1201 1125 sperans

244 1145 332 1230 quod
346 1148 416 1229 ejus
431 1144 591 1229 promotio
606 1144 717 1209 multis
733 1164 772 1208 ex
786 1144 902 1222 causis,
917 1166 997 1228 quas
1011 1166 1201 1210 enumerare

243 1250 379 1331 longum
403 1255 462 1327 est,
486 1247 548 1312 sibi
570 1247 747 1331 plurimum
770 1248 942 1332 profutura
961 1247 1014 1326 sit,
1035 1248 1143 1331 ipsum
1164 1249 1201 1312 in

243 1360 370 1437 patrem
385 1352 483 1436 elegit
498 1350 708 1431 concorditer,
725 1358 759 1415 et
778 1360 816 1415 ut
835 1350 897 1415 hoc
916 1352 986 1435 ejus
1006 1352 1201 1417 desiderium

243 1478 265 1521 a
287 1463 394 1520 vesus
417 1454 479 1519 sibi
502 1455 607 1538 gratia
630 1455 840 1539 compleatur,
864 1455 1026 1519 instanter
1048 1456 1200 1539 exposcit.

245 1560 346 1644 Spem
366 1558 468 1641 igitur
485 1557 643 1623 habentes
664 1558 700 1623 in
721 1558 873 1637 Domino,
888 1558 976 1641 quod
996 1559 1066 1642 ejus
1088 1566 1123 1623 et
1144 1559 1201 1623 bo-

245 1670 355 1727 nestas
376 1667 410 1726 et
431 1661 605 1745 prudentia
625 1661 666 1727 ad
687 1662 845 1726 honorem
865 1661 929 1725 Dei
947 1668 981 1725 et
1000 1662 1141 1727 ecclesiae
1161 1661 1202 1727 de

244 1766 298 1829 die
316 1766 353 1829 in
373 1764 459 1829 diem
478 1764 630 1829 habitura
650 1764 691 1827 sit
711 1764 962 1843 incrementum,
975 1764 1146 1849 ipsumque
1164 1765 1201 1829 in

243 1868 449 1933 sublevandis
463 1868 605 1933 ecclesia
619 1866 865 1933 necessitatibus
879 1874 1121 1952 cooperatorem
1132 1868 1201 1933 fore

243 1980 424 2051 sumnum,
440 1992 550 2056 preces
570 1970 735 2035 sanctitati
752 1977 861 2035 vestra
878 1992 955 2035 cum
974 1971 1108 2035 ecclesis
1126 1992 1201 2056 sup·

245 2075 385 2159 plicante
404 2074 608 2157 porrigimus,
623 2081 662 2137 ut
682 2074 713 2138 ei
734 2094 869 2138 manum
889 2073 1002 2157 gratim
1019 2074 1200 2158 porrigatis,

246 2187 280 2243 et
294 2178 357 2243 sibi
371 2177 578 2243 concedendo
592 2176 678 2261 quod
692 2178 849 2262 postulat,
863 2178 1045 2261 Anglorum
1060 2178 1201 2243 ecclesiae

245 2281 331 2365 quod
345 2281 451 2345 adbuc
471 2282 561 2345 deest
581 2280 691 2363 gandii
711 2281 897 2366 suppleatis,
912 2288 947 2345 et
959 2302 1073 2346 omnes
1087 2303 1147 2346 nos
1161 2302 1201 2346 ex

246 2386 308 2451 boo
318 2384 510 2449 sublimitati
519 2392 632 2449 restroe
643 2386 756 2468 gratiae
766 2384 928 2449 debitores
938 2386 1092 2451 efficiatis.
1115 2386 1201 2450 Con·

246 2496 350 2553 servet
373 2488 630 2552 incolumitatem
654 2493 794 2551 vestram
818 2488 988 2567 Dominus,
1012 2489 1049 2551 in
1072 2488 1202 2553 Christo

246 2592 364 2658 dilecte
379 2597 480 2676 pater.

383 2894 604 2961 EPISTOLA
626 2894 890 2959 cnm-sn
907 2916 1061 2960 ananau.

247 3048 342 3112 Patri
355 3068 410 3111 suo
425 3054 455 3111 et
469 3048 602 3111 Domino
613 3068 729 3111 summo
738 3047 884 3131 poatttci
893 3048 1086 3127 Alexandro,
1092 3046 1202 3130 freter

293 3150 448 3215 calceas
461 3150 685 3215 madeniensis
700 3152 833 3215 ecclesie
847 3153 998 3231 minister,
1015 3152 1155 3217 &notum
1169 3159 1201 3217 cl

292 3258 426 3321 debitum
442 3258 538 3321 totins
552 3256 730 3320 obedientia
736 3257 936 3338 famulatum.

292 3408 335 3473 In
347 3408 527 3491 colligendo
539 3406 707 3473 denanum
718 3406 805 3473 beati
816 3409 915 3489 Petri,
925 3414 1080 3493 quantam
1094 3409 1200 3493 potui-

248 3533 321 3577 mus
332 3511 582 3577 sollicitudinem
591 3518 624 3575 et
632 3510 836 3597 diligentiam
844 3512 997 3577 adhibere
1005 3514 1201 3579 curavimusz

247 3615 421 3699 dilectique
435 3615 470 3679 in
482 3614 612 3679 Christo
626 3615 742 3681 fratres
758 3617 861 3681 nostri
875 3624 909 3682 et
923 3616 1111 3702 coepiscopi,
1123 3639 1201 3702 quo·

249 3740 322 3783 rum
337 3719 538 3803 episcopatus
553 3718 730 3784 conditioni
749 3719 826 3785 huic
844 3726 972 3785 consta
991 3742 1060 3785 esse
1079 3721 1201 3787 obnox-

248 3822 306 3901 ios,
327 3842 347 3885 a
367 3820 458 3886 nobis
475 3822 570 3906 juxta
590 3828 738 3886 tenorem
760 3831 793 3889 et
815 3823 1050 3889 continentiam
1069 3824 1202 3909 scripto·

249 3948 323 3991 rum
343 3948 415 4011 quae
436 3926 472 3991 in
494 3926 619 3991 scriniis
638 3926 880 3991 Cantuariensis
899 3926 1041 3993 ecelesiae
1059 3928 1203 3994 studiose

248 4030 403 4114 requisita
416 4030 603 4113 reperimus,
613 4038 719 4094 vestra
729 4050 826 4114 super
835 4029 898 4095 hoc
908 4031 1101 4095 auctoritate
1115 4052 1202 4097 com·

250 4134 366 4198 moniti
391 4132 533 4198 debitam
556 4133 686 4216 penitus
709 4154 822 4198 omnes
847 4134 977 4218 quidem
1001 4142 1203 4217 agnoverunt

250 4244 284 4301 et
304 4238 509 4301 exsolverunt
532 4238 765 4320 quantitatem:
789 4244 923 4322 excepto
944 4236 1118 4303 venerabili
1139 4236 1201 4301 fra·

250 4346 300 4405 tre
314 4346 425 4405 nostro
441 4348 474 4405 et
490 4339 676 4423 coepiscopo
691 4340 823 4406 domino
837 4340 1023 4417 Exonicnsi,
1038 4338 1093 4421 qui
1108 4338 1202 4402 nimi-
