3225 5192
413 715 474 779 192
728 732 885 776 ornnnnrr
900 730 1044 775 nrrscorr

409 848 626 913 Londinensis
641 869 699 915 suo
710 848 906 933 jamdudum
916 847 1031 913 orbsts
1039 854 1179 933 pastore,
1189 846 1291 912 telem
1301 846 1363 911 sibi

409 950 569 1017 desiderat
585 952 769 1037 episcopum
784 952 962 1036 subrogari,
972 952 1027 1035 qui
1042 952 1181 1016 civitatis
1195 951 1297 1035 ipsius
1311 970 1366 1015 ex·

409 1054 566 1119 cellentiae
584 1054 728 1120 honestae
742 1056 816 1119 vitae
831 1056 957 1133 merito,
972 1055 1141 1120 literanum
1155 1054 1300 1132 scientis,
1314 1074 1365 1118 re·

408 1179 482 1221 rum
493 1179 621 1242 quoque
631 1157 805 1243 prudentio
816 1157 1007 1223 secularium
1019 1157 1218 1241 ndreqdetur.
1239 1157 1365 1239 Magna

408 1260 518 1344 itaque
533 1282 629 1345 super
643 1261 705 1325 hoo
719 1261 950 1326 deliberatione
960 1259 1082 1339 habits,
1094 1268 1313 1325 convenerunt
1327 1260 1363 1323 in

406 1364 469 1428 hoe
480 1365 643 1429 unanimis
655 1365 730 1429 cleri
746 1364 931 1448 postulatio,
939 1363 1089 1428 voluntas
1101 1362 1224 1428 domini
1234 1364 1319 1445 regis
1329 1371 1363 1427 et

407 1474 528 1547 nostra,
541 1468 701 1533 ordinatio
716 1489 844 1552 quoque
859 1468 1042 1552 apostolice,
1053 1473 1092 1530 ut
1102 1466 1144 1532 ob
1156 1487 1362 1531 communem

407 1572 502 1655 regni
521 1572 694 1637 utilitatem
712 1578 746 1635 et
759 1571 901 1636 ecolesiae
914 1571 1152 1651 necessitatem,
1168 1571 1210 1635 ed
1224 1571 1365 1637 ecelesiae

407 1672 644 1739 Londoniensis
665 1674 813 1758 regimen
833 1674 1012 1753 transferri,
1027 1681 1061 1738 et
1082 1674 1117 1739 in
1139 1695 1178 1741 ea
1199 1694 1310 1738 curam
1329 1680 1364 1738 et

406 1776 656 1843 sollicitudinem
670 1776 862 1861 pastoralem
878 1798 990 1860 gerere
1004 1775 1161 1841 debeatis.
1206 1778 1364 1862 Suscepto

405 1880 507 1963 igItur
521 1880 556 1946 in
570 1880 632 1948 hoc
647 1880 770 1945 domini
784 1902 876 1965 papie
890 1880 1054 1959 mandato,
1069 1880 1171 1964 ipsius
1184 1880 1274 1946 robis
1288 1902 1363 1945 aue-

405 1984 538 2049 toritate
559 1984 771 2070 injungimus,
790 1984 943 2068 quatinus
964 1984 1175 2067 postulationi
1196 1984 1360 2050 Londoni·

405 2087 493 2153 ensis
508 2087 659 2167 ecclesie,
675 2108 747 2172 quse
761 2085 802 2151 de
816 2093 924 2152 vestra
942 2085 985 2150 sd
1003 2106 1076 2151 eum
1094 2086 1306 2153 translatione
1325 2086 1361 2151 in

405 2191 577 2276 presentie
591 2190 714 2256 domini
730 2190 816 2274 regie
832 2196 865 2255 et
879 2197 993 2255 nostre
1006 2190 1155 2255 unanimi
1168 2190 1270 2257 totins
1283 2190 1362 2255 cleri

406 2315 540 2361 assensu
554 2293 715 2359 celebrate
729 2300 789 2373 est,
805 2312 974 2359 assensum
994 2293 1138 2378 praebere
1151 2316 1219 2359 non
1234 2294 1361 2359 differe-

406 2398 459 2478 tis,
479 2404 513 2463 et
536 2397 578 2462 ed
601 2398 670 2483 ejus
693 2397 840 2481 regimen
860 2404 955 2463 tanto
976 2396 1122 2463 devotius
1144 2403 1178 2463 et
1200 2397 1359 2462 maturius

405 2500 574 2581 accedatis,
590 2508 711 2586 quante
730 2500 802 2584 ipse
819 2506 922 2566 tantae
935 2520 1081 2585 personae
1095 2500 1230 2565 consilio
1246 2506 1281 2564 et
1300 2521 1358 2584 gu·

405 2603 595 2670 berustione
615 2604 794 2669 dinoscitur
815 2604 972 2688 indigere.
1016 2604 1071 2670 Ad
1091 2604 1154 2669 hoe
1174 2604 1360 2668 fraternitn

404 2715 472 2775 tem
486 2717 626 2775 vestram
641 2730 884 2775 commonemus
898 2709 1066 2789 attentius,
1080 2716 1120 2775 ut
1134 2709 1177 2774 ad
1191 2708 1277 2793 quod
1294 2716 1359 2773 tre-

404 2810 455 2877 hit
474 2834 530 2878 vos
549 2812 742 2879 obedientie
760 2813 945 2893 necessitas,
960 2820 1074 2878 vestroe
1089 2834 1217 2897 quoque
1237 2812 1359 2878 dileeti-

405 2914 476 2979 onis
491 2915 721 2999 contemplatio
736 2914 941 2981 affectuosius
960 2915 1086 2995 invitet,
1102 2920 1140 2980 ut
1154 2936 1251 2999 quem
1266 2914 1359 2979 nobis

404 3018 537 3085 sincerae
566 3016 747 3083 dilectionis
776 3018 946 3103 conjungit
975 3018 1120 3097 effectus,
1144 3018 1209 3083 loci
1232 3038 1359 3103 quoque

403 3120 520 3185 vicinio
537 3120 579 3184 ed
598 3127 725 3186 nostras
747 3126 780 3185 et
802 3121 945 3187 ecclesioe
966 3120 1029 3186 Dei
1046 3121 1253 3187 necessitates
1272 3140 1360 3186 com·

402 3222 530 3287 modius
544 3222 648 3288 valent
663 3222 824 3289 exhibere.
853 3223 979 3289 Valete.

454 3540 676 3607 EPIsuonA
698 3542 1096 3608 CXLVI.-snmrsun1
1113 3563 1206 3608 rsrn
1221 3564 1305 3609 nris.

745 3668 789 3711 sn
805 3667 1017 3712 o1nsnnruu.

266 3851 274 3860 .
402 3795 583 3859 Alecaader
604 3798 764 3880 episcopus
786 3818 894 3861 servus
915 3818 1073 3862 smmum
1094 3799 1166 3877 Dei,
1190 3796 1359 3861 venerabili

436 3898 541 3980 fratri
558 3902 596 3963 G.
612 3900 849 3985 Herefordienei
864 3904 1015 3985 episcopo,
1030 3903 1161 3965 saltuem
1182 3907 1213 3964 et
1234 3907 1357 3984 aposto·

445 4004 537 4067 licam
553 4004 799 4068 desedictioaem

443 4154 496 4218 Ex
517 4154 618 4221 literis
639 4154 793 4221 carissimi
813 4157 849 4220 in
867 4156 998 4222 Christo
1017 4157 1075 4221 lilii
1094 4157 1199 4222 nostri
1219 4154 1357 4222 Henrici

399 4257 534 4323 illustris
549 4259 731 4343 Anglorum
752 4260 847 4345 regis,
862 4269 896 4326 et
912 4260 1104 4326 venerabilis
1123 4260 1232 4345 fratris
1252 4260 1357 4325 nostri

400 4360 577 4429 Theobaldi
593 4364 836 4431 Centusriensis
854 4364 1092 4449 archiepiscopi,
1107 4371 1206 4447 etque
1221 4384 1261 4428 ex
1275 4364 1357 4427 rela-
