3225 5192
416 655 480 722 2⁷2
729 675 885 720 onnsars
900 675 1043 721 arrscorr

417 791 486 874 ejus
501 790 701 856 voluntatem
717 811 925 874 quaecumque
944 791 1053 870 fuerit,
1070 793 1139 875 jam
1160 811 1249 857 nunc
1269 791 1374 876 appli-

417 893 482 958 cari
507 892 754 976 promptissima.
801 891 907 976 Ipsius
937 894 1127 958 mandatum
1153 896 1372 979 quodcunque

415 993 513 1059 buerit
528 1014 567 1059 ex
581 993 650 1058 sols
670 993 762 1058 nobis
777 995 945 1060 voluntate
964 997 1034 1080 ejus
1053 998 1116 1061 erit
1131 999 1348 1082 justissimum
1357 1024 1368 1077 3

415 1107 561 1165 revocate
583 1099 763 1176 consilium,
784 1099 938 1164 inclinate
959 1101 1084 1166 animos
1105 1101 1147 1165 sd
1168 1109 1371 1186 preceptum,

414 1209 453 1266 ιιι
467 1201 644 1280 declinetis,
660 1201 739 1266 dum
752 1202 802 1266 fas
816 1208 876 1280 est,
892 1201 979 1284 quod
993 1203 1064 1284 jam
1081 1223 1150 1267 non
1167 1204 1290 1288 poterit
1304 1205 1367 1269 evi·

414 1305 478 1370 tari
492 1305 678 1388 periurium.
704 1302 792 1370 Quid
807 1303 850 1368 ad
863 1303 956 1368 baec?
972 1305 1043 1388 quis
1057 1304 1168 1388 fugit?
1188 1307 1259 1390 quis
1274 1313 1368 1390 terga

414 1406 536 1472 vertiti
559 1407 631 1490 quis
651 1407 759 1470 animo
778 1405 900 1470 fractus
919 1408 994 1470 est?
1016 1416 1123 1473 vestra
1141 1408 1236 1473 nobis
1255 1429 1366 1493 expro-

414 1509 528 1574 bratur
554 1509 696 1590 epistole,
720 1509 805 1592 quod
834 1511 871 1572 in
895 1508 948 1572 die
973 1509 1050 1574 belli
1074 1512 1219 1576 conversi
1242 1532 1365 1590 sumus,

414 1611 501 1695 quod
521 1632 560 1675 ex
580 1611 710 1676 adverso
729 1633 796 1676 non
816 1611 1030 1690 ascendimus,
1046 1613 1131 1695 quod
1153 1634 1212 1678 nos
1233 1635 1364 1678 murum

413 1735 472 1798 pro
484 1714 579 1778 domo
590 1714 722 1778 Domini
737 1734 804 1779 non
819 1713 1036 1798 opposuimus.
1059 1714 1080 1777 J
1082 1714 1190 1778 udicet
1204 1716 1364 1780 Dominus

413 1819 499 1882 inter
514 1838 583 1896 nos,
599 1817 667 1901 ipsc
678 1815 801 1901 judicet
816 1815 858 1880 ob
874 1837 971 1899 quem
985 1817 1143 1895 stetimus,
1154 1817 1196 1881 ob
1212 1817 1365 1900 quemad

413 1921 518 1985 minas
537 1921 719 2004 principum
736 1919 824 1983 flecti
837 1918 1050 2000 nequivimus,
1061 1917 1186 2002 judicet
1204 1917 1274 2002 ipse
1294 1919 1362 2004 quis

412 2023 542 2108 fugerit,
558 2021 630 2105 quis
648 2023 684 2085 in
703 2021 789 2086 bello
803 2021 947 2085 desertor
961 2019 1114 2098 extiterit,
1129 2018 1221 2084 stetit
1237 2021 1361 2102 procul·

413 2124 511 2189 dubio
531 2125 579 2186 vir
601 2123 727 2201 nobilis,
742 2129 776 2188 et
801 2123 931 2206 spiritus
952 2124 988 2188 in
1010 2122 1153 2187 Domino
1171 2123 1362 2187 constantis·

413 2227 485 2291 simi
500 2226 735 2290 Wintoniensis
752 2225 924 2304 Henricus,
940 2228 1031 2290 stetit
1044 2225 1184 2290 Eliensis
1202 2224 1360 2308 Nigellus,

412 2329 502 2394 stetit
525 2329 762 2394 lincolniensis
785 2328 956 2406 Robertus,
978 2328 1185 2393 Cioestreusis
1208 2327 1361 2405 Hilarius,

413 2431 658 2497 salesberiensis
683 2432 859 2510 Jocelinus,
882 2431 1074 2495 Exoniensis
1095 2431 1359 2508 Bartholomoeus,

412 2535 590 2600 cestrensis
606 2535 773 2613 Ricardus,
785 2534 1020 2618 wigorniensis
1035 2535 1192 2625 bogorus,
1210 2533 1359 2598 Herefor·

410 2639 529 2704 diensis
544 2638 714 2717 Robertus,
731 2636 967 2702 londoniensis
982 2635 1189 2701 Gillebertus.
1216 2637 1280 2701 His
1294 2659 1361 2701 om·

411 2743 506 2807 nibus
527 2763 694 2826 percussor
716 2741 830 2820 defuit,
852 2761 920 2805 non
941 2741 989 2804 bii
1009 2741 1139 2818 virtuti3
1164 2741 1212 2804 bii
1235 2761 1360 2825 quoque

410 2846 599 2931 temporalia
617 2850 804 2928 reputantes
823 2849 863 2907 ut
887 2851 1028 2908 stercora
1046 2864 1105 2927 pro
1120 2843 1249 2908 Christo
1263 2851 1299 2908 et
1311 2863 1359 2907 ec·

410 2948 506 3013 olesia
516 2953 732 3032 exposuerunt
747 2967 781 3010 se
795 2953 830 3010 et
844 2967 912 3010 sua.
944 2946 1082 3010 Dicatur
1090 2947 1201 3029 itaque
1211 2946 1299 3031 quod
1309 2967 1358 3009 ve·

410 3070 483 3114 rum
493 3057 552 3128 est,
559 3051 615 3113 fiat
624 3048 684 3112 sub
694 3047 852 3131 solequod
860 3048 1072 3131 presentibus
1081 3047 1176 3112 nobis
1184 3053 1218 3112 et
1225 3069 1359 3113 cernen-

408 3152 496 3216 tibus
516 3159 624 3215 actum
640 3157 699 3229 est,
714 3157 806 3233 terga
826 3150 915 3215 dedit
934 3151 1000 3214 dux
1018 3152 1143 3216 militie
1161 3152 1240 3236 ipse,
1255 3151 1357 3235 campi

410 3256 524 3320 ductor
545 3253 681 3338 subigit,
701 3275 721 3319 a
738 3255 876 3319 fratrum
898 3276 1030 3318 suorum
1052 3255 1186 3340 collegio
1207 3256 1356 3320 simulet

409 3359 541 3423 consilio
556 3357 706 3422 dominns
722 3357 964 3422 Centauriensis
978 3355 1141 3435 abscessit,
1161 3365 1195 3422 et
1216 3365 1356 3423 ιιιοιιιιιι

407 3483 550 3526 seorsum
564 3460 676 3525 habito
690 3481 729 3524 ex
743 3461 912 3525 intervallo
929 3481 1073 3525 reversus
1094 3459 1136 3524 ad
1154 3481 1223 3538 nos,
1238 3461 1274 3526 in
1288 3461 1355 3525 brec

408 3563 505 3627 verba
529 3563 692 3647 prorupit:
719 3563 779 3626 Est
805 3562 927 3627 domini
952 3565 1018 3627 mei
1042 3564 1201 3642 voluntas,
1224 3571 1263 3627 ut
1284 3585 1355 3646 per·

403 3666 520 3748 jurem,
537 3672 570 3728 et
587 3664 629 3727 ud
645 3685 785 3748 presens
800 3664 900 3730 subeo
919 3672 953 3730 et
970 3666 1101 3731 incurro
1115 3665 1303 3749 perjurium,
1318 3672 1356 3729 ιιι

403 3773 516 3851 potero
542 3766 766 3851 poenitentiam
790 3773 921 3832 saturus
945 3769 981 3832 in
1006 3777 1180 3852 posterum.
1225 3767 1354 3832 Auditis

405 3869 455 3934 bis
469 3868 694 3952 obstupuimus
714 3876 747 3933 et
767 3870 889 3934 mutuis
908 3871 1061 3936 heerendo
1074 3871 1300 3956 conspectibus
1314 3869 1355 3935 ad

404 3975 529 4056 lapsum
552 3973 639 4036 hunc
661 3995 681 4036 a
702 3994 829 4037 summo
851 3980 889 4037 nt
910 3975 1150 4040 aestimabamus
1170 3975 1299 4038 virtutis
1321 3981 1354 4038 et

403 4075 593 4140 constantiae
617 4076 685 4140 viro
711 4077 906 4159 suspirantes
931 4077 1159 4160 ingemuimus.
1205 4076 1283 4141 Non
1305 4083 1354 4142 est

403 4178 489 4263 apud
505 4179 672 4245 dominum
692 4187 750 4258 est,
767 4185 800 4242 et
820 4200 896 4258 non,
911 4201 973 4244 nec
992 4182 1062 4264 ejus
1081 4180 1290 4264 sperabamus
1309 4180 1354 4244 sic

404 4283 523 4347 moveri
538 4304 627 4366 posse
639 4282 841 4366 discipulum.
867 4283 1059 4366 Languente
1070 4283 1185 4367 capite,
1196 4283 1354 4366 languent
