3225 5192
418 655 483 720 als
732 667 893 712 ornaturi
910 666 1060 711 russeum

561 998 788 1066 EPISTOLA
809 995 1064 1061 ccxxv-un
1076 1013 1223 1058 roconis.

421 1153 577 1218 Gilbertsu
600 1151 662 1216 Dei
680 1149 788 1232 qratia
811 1147 1035 1211 Modomaeis
1056 1147 1225 1229 episcopua,
1250 1144 1373 1208 dilectis

460 1256 522 1320 eibi
539 1257 574 1318 in
592 1255 725 1317 Domino
739 1251 892 1316 omousia
904 1255 1020 1314 sancte
1037 1249 1264 1313 maenis
1280 1247 1374 1311 eecle-

461 1361 516 1424 sioe
531 1357 736 1441 parochianis
756 1361 787 1419 et
802 1353 892 1436 filiis,
913 1355 1054 1432 nmen,
1067 1353 1217 1434 φαίἰωι,
1233 1357 1265 1415 et
1287 1351 1373 1414 deue-

462 1613 651 1678 Puurrcnrs
666 1609 821 1674 mercedis
835 1609 984 1686 efficitur,
999 1608 1194 1691 quicumque
1215 1627 1251 1670 se
1271 1605 1373 1671 bono-

417 1737 492 1782 rum
506 1735 639 1800 operum
658 1713 841 1798 adjutorem
860 1711 1001 1790 exhibet,
1021 1731 1082 1775 uec
1100 1711 1374 1774 irremuneratum

418 1819 621 1903 relinquitur,
638 1816 723 1902 quod
742 1816 778 1879 in
797 1814 927 1899 pietatis
941 1835 1021 1878 usus
1034 1813 1134 1878 fuerit
1149 1813 1276 1876 intuitu
1294 1833 1373 1897 pau·

417 1943 532 2008 perum
546 1929 725 2004 erogatum,
734 1918 863 1983 dicente
877 1917 1030 1996 Domino,
1039 1916 1136 1983 Quod
1149 1915 1210 1980 uni
1222 1937 1264 1981 ex
1276 1917 1374 1982 mini-

418 2027 481 2092 mis
500 2027 581 2090 meis
599 2023 728 2102 focutis,
744 2023 827 2086 mibi
843 2020 974 2087 fecistis.
1018 2021 1104 2086 Inde
1122 2027 1173 2086 est
1193 2020 1280 2105 quod
1299 2023 1372 2086 nni-

417 2129 602 2194 vertitatem
616 2133 755 2191 vestram
777 2146 949 2190 monemus
970 2125 1138 2204 attentius,
1153 2131 1187 2189 et
1207 2145 1371 2208 rogamus,

417 2237 451 2294 et
465 2229 500 2292 in
516 2235 720 2313 peccatorum
730 2235 913 2292 vestrorum
922 2226 1145 2292 remissionem
1158 2226 1372 2312 injungimus,

418 2331 571 2416 quatinus
600 2329 641 2396 ad
670 2331 927 2394 construendum
954 2330 1200 2410 xenodochium,
1225 2331 1311 2415 quod
1336 2332 1373 2395 in

417 2435 540 2500 bonore
554 2433 619 2500 Dei
632 2441 666 2498 ct
679 2431 768 2498 beati
782 2433 916 2498 Thema
928 2433 1081 2518 martyris
1095 2433 1275 2499 Londonioe
1286 2434 1373 2518 apud

420 2536 651 2616 suthwercam,
674 2535 716 2600 ad
736 2557 917 2620 pauperum
938 2542 973 2600 et
993 2537 1200 2616 intirmorum
1218 2539 1373 2622 suseepti·

418 2664 515 2708 onem
536 2642 657 2727 pariter
679 2645 712 2705 et
734 2640 1006 2706 sustentationem
1025 2641 1066 2705 de
1085 2662 1168 2706 novo
1189 2647 1241 2706 est
1261 2642 1372 2707 incho-

419 2755 520 2826 atum,
535 2766 644 2811 amore
665 2743 730 2810 Dei
751 2750 784 2808 et
805 2744 937 2828 pietatis
957 2745 1092 2823 iutuitu,
1108 2765 1241 2808 manum
1263 2745 1374 2811 auxilii

417 2847 665 2915 misericorditer
693 2847 875 2930 porrigatis,
898 2853 932 2911 et
957 2846 999 2911 ad
1023 2867 1203 2932 paupemm
1225 2848 1373 2912 refecfio-

418 2975 494 3018 nem
513 2952 633 3036 pariter
651 2958 685 3015 et
703 2950 974 3015 sustentationem
997 2949 1038 3014 de
1061 2951 1218 3015 concessis
1239 2951 1330 3016 vobis
1353 2975 1373 3016 a

418 3055 560 3120 Domino
570 3050 778 3117 facultatibus
791 3051 1025 3135 impertientes,
1041 3054 1149 3118 Deum
1163 3053 1207 3118 ob
1221 3055 1372 3120 collatam

418 3156 480 3221 sibi
493 3156 529 3218 in
543 3153 696 3219 membris
711 3155 777 3218 suris
795 3155 944 3237 gratiam,
959 3163 1236 3220 remuneratorem
1249 3163 1284 3220 et
1299 3157 1372 3222 vitae

418 3259 508 3326 vobis
529 3263 659 3323 aeternae
679 3257 867 3340 largitorem
892 3255 1049 3335 habeatis,
1073 3262 1107 3321 et
1129 3256 1314 3322 orationum
1338 3265 1372 3323 et

416 3363 648 3430 beneficiorum
663 3382 735 3444 qum
753 3360 789 3424 in
806 3361 876 3444 jam
891 3359 979 3425 dicto
992 3361 1074 3426 fient
1087 3360 1287 3427 xenodochio
1299 3383 1373 3446 par·

418 3469 531 3550 ticipes
545 3487 601 3530 vos
618 3464 833 3530 constituatis.
879 3463 1042 3528 Omnibus
1061 3485 1136 3529 sero
1155 3465 1212 3549 qni
1230 3465 1272 3529 ad
1289 3485 1372 3549 prse-
1469 3544 1473 3549 ᾖ

418 3568 542 3632 dietum
565 3567 694 3651 pietatis
716 3587 796 3650 opus
818 3588 954 3632 manum
976 3567 1087 3632 auxilii
1108 3567 1318 3651 porrexerint,
1340 3575 1374 3633 et

417 3670 562 3756 ejusdem
582 3669 646 3734 loci
666 3669 863 3753 pauperibus
878 3671 931 3734 vel
949 3671 986 3735 in
1005 3671 1132 3736 modico
1155 3670 1372 3750 subvenerint,

418 3775 458 3840 de
483 3772 617 3840 Domini
642 3773 754 3838 confisi
780 3773 997 3839 misericordia
1019 3774 1136 3858 viginti
1159 3775 1200 3840 de
1224 3775 1373 3859 injuncta

418 3878 480 3946 sibi
502 3877 695 3962 poenitentia
713 3876 781 3942 dies
799 3877 992 3957 relaxamus,
1008 3885 1042 3942 et
1057 3878 1240 3944 orationum
1263 3886 1297 3943 et
1317 3879 1372 3944 be-

418 3983 605 4050 neficiorum
617 4003 687 4066 quae
702 3981 738 4045 in
753 3987 865 4046 nostra
878 3983 958 4046 fient
974 3982 1118 4061 ecclesia,
1133 4003 1188 4048 eos
1202 3982 1373 4067 participes

419 4107 487 4150 esse
502 4084 717 4150 concedimus.
