3225 5192
279 705 346 750 am.
368 687 562 770 1161-89.]
614 707 1047 752 uonnomausrsscrsromn.
1169 690 1233 752 349

278 826 325 889 tio
340 825 492 888 caritatis.
538 824 636 888 Unde
651 846 724 888 cum
745 832 908 889 conventu
922 825 1060 890 fratrum
1079 833 1112 889 et
1127 825 1230 908 coepi·

278 947 445 1010 scoparum
461 933 654 1002 nostrorum,
667 947 795 992 necnon
810 934 844 991 et
855 927 992 991 aliorum
1006 928 1230 1011 religiosorum

277 1030 426 1107 virorum,
439 1031 494 1114 qui
509 1030 550 1094 ad
561 1029 763 1113 *expedienda
777 1031 909 1113 negotia
923 1031 1136 1096 ecclesiastica
1146 1031 1230 1095 Can·

277 1132 390 1196 tuariae
409 1139 634 1212 convenerant,
649 1132 690 1195 de
710 1131 864 1197 electione
888 1133 1012 1197 abbatis
1032 1134 1231 1198 Eveshamiae

276 1241 479 1313 tractaretur,
503 1241 608 1298 vestro
629 1235 758 1318 quidem
782 1236 925 1314 consilio,
945 1236 1022 1300 licet
1042 1237 1096 1300 alii
1119 1259 1230 1320 quam-

277 1337 384 1420 plures
407 1337 559 1401 aliorsum
581 1336 763 1417 tenderent,
783 1337 905 1403 adhoc
928 1340 1061 1403 tandem
1083 1340 1229 1402 omnium

276 1439 432 1504 inclinata
456 1448 505 1504 est
527 1439 685 1520 voluntas,
705 1447 743 1505 ut
767 1441 937 1524 specialem
961 1442 1065 1505 filium
1090 1441 1231 1506 ecolesiae

276 1549 399 1622 vestrae,
429 1542 568 1626 priorem
598 1543 890 1628 Bermundesheye,
920 1544 968 1608 illi
998 1565 1135 1628 quorum
1161 1551 1230 1608 erat

276 1646 398 1724 electio,
415 1647 571 1730 eligerent
581 1672 591 1725 3
615 1647 670 1710 alii
684 1668 767 1726 vero,
785 1669 922 1730 quorum
942 1647 978 1710 in
997 1647 1060 1712 hoc
1082 1655 1229 1731 expecta·

276 1747 373 1812 batur
387 1769 535 1813 assensus
549 1749 746 1814 unanimiter
757 1750 963 1814 assentirent.
1008 1751 1060 1814 De
1075 1771 1139 1834 quo
1153 1749 1229 1814 licet

275 1873 403 1915 morum
421 1852 537 1916 merita
556 1863 589 1915 et
608 1852 746 1916 honesta
765 1853 835 1935 ejus
854 1851 941 1935 apud
955 1874 1016 1917 nos
1030 1852 1230 1917 conversatio

276 1961 386 2018 sancte
401 1961 434 2018 et
448 1953 652 2019 laudabiliter
667 1954 885 2033 enuntiarent,
901 1955 937 2018 in
951 1954 1013 2019 hoc
1031 1977 1099 2019 non
1113 1976 1229 2038 parum

276 2058 375 2140 gavisi
411 2080 532 2137 sumus,
562 2058 656 2123 nobis
692 2066 760 2123 tam
793 2059 1011 2123 favorabiliter
1039 2059 1138 2124 luisse
1173 2080 1229 2143 ap·

275 2160 433 2243 plausum,
461 2161 547 2245 quod
570 2162 611 2225 de
633 2167 746 2226 vestrae
776 2162 885 2226 schola
909 2161 1087 2244 disciplinae
1114 2161 1229 2245 prode·

275 2270 399 2342 nntem,
417 2264 502 2327 tanti
522 2263 662 2327 nominis
682 2263 831 2347 discipuli
853 2262 1020 2346 pastoralis
1045 2262 1231 2346 magisterio

275 2364 424 2428 culminis
443 2365 578 2448 dignum
601 2366 789 2430 diceremus.
836 2367 911 2430 Jam
926 2373 1001 2430 vota
1018 2374 1132 2430 nostra
1153 2387 1229 2430 con-

274 2473 419 2530 currunt.
466 2465 563 2530 Quod
585 2487 643 2530 nos
665 2466 848 2548 probamus,
867 2466 1017 2530 dominus
1039 2475 1151 2531 noster
1171 2487 1230 2531 rex

274 2567 403 2651 Angliae
427 2567 592 2651 approbat,
615 2567 765 2632 dominus
791 2567 1035 2631 Cantuariensis
1059 2568 1145 2631 idem
1169 2589 1229 2632 sua

274 2671 466 2736 auctoritate
480 2671 659 2736 confirmat.
705 2669 726 2732 J
728 2691 780 2733 am
795 2669 903 2736 advos
917 2670 1064 2733 omnium
1078 2676 1228 2734 nostrum

275 2782 397 2858 spectat
419 2775 570 2853 intentio,
593 2781 631 2836 ut
656 2793 840 2856 supremam
865 2794 1000 2837 manum
1026 2771 1207 2837 adhibeatis
1217 2799 1228 2850 ;

273 2877 372 2962 hujus
395 2878 483 2942 enim
507 2876 611 2960 operis
637 2875 873 2940 consummatio
897 2897 917 2939 a
939 2883 1046 2940 vestra
1068 2875 1230 2959 dependet

276 2981 445 3044 sententia.
491 2979 576 3044 Inde
595 2986 654 3058 est,
671 2979 757 3062 quod
775 2978 902 3042 dilectae
918 2977 1013 3041 nobis
1031 2978 1230 3042 fraternitati

274 3089 387 3146 vestrae
405 3104 463 3165 pro
483 3082 626 3147 desolata
641 3082 768 3167 jamdiu
783 3082 916 3146 ecclesia
930 3081 1140 3160 Eveshamioe,
1157 3102 1229 3164 quae
1324 3116 1330 3127 ·

274 3207 371 3250 suum
391 3185 522 3269 expetit,
538 3193 571 3250 et
591 3193 737 3269 expectat
757 3186 906 3264 electum,
922 3178 1039 3268 preces'
1055 3185 1229 3249 affectuose

273 3288 476 3371 porrigimus,
490 3289 641 3371 quatinus
652 3310 718 3352 suae
729 3289 878 3353 electioni
888 3294 1031 3352 vestrum
1045 3286 1228 3369 praebentes

273 3411 449 3468 assensum,
472 3411 569 3473 quem
590 3390 651 3454 sibi
674 3392 772 3474 elegit
796 3397 955 3474 pastorem
979 3389 1172 3468 concedatis,
1191 3396 1226 3454 et

275 3494 360 3578 qnod
379 3494 420 3558 ad
438 3494 595 3558 honorem
609 3494 672 3558 Dei
691 3501 724 3558 et
744 3500 872 3569 sanctas,
884 3492 1059 3557 utilitatem
1075 3477 1226 3571 ecclesiae,

273 3597 326 3680 pia
341 3596 510 3660 devotione
524 3596 752 3675 inchoavimus,
762 3597 904 3680 benigno
914 3597 1021 3662 favore
1036 3597 1228 3680 mancipetis

274 3698 411 3764 effectui.
456 3698 581 3763 Valete.
