3225 5192
375 664 418 729 88
623 680 783 727 orusuarr
802 680 920 727 roaros
934 678 1081 726 sanans

374 796 460 881 qnod
483 796 567 862 siout
590 796 714 862 nullam
738 794 879 861 denllo
901 795 1017 861 clerieo
1040 800 1155 863 uestro
1179 794 1331 862 adversus

373 900 637 967 Teoohesberiam
660 899 819 965 haetenus
841 896 1036 962 calumniam
1057 897 1182 982 injuste
1203 918 1332 964 morere

373 1004 610 1082 mandavimus,
628 1001 675 1066 ita
695 1020 785 1067 nune
805 998 833 1064 si
851 1000 1013 1085 injustitia
1034 1020 1094 1064 sua
1109 1000 1260 1083 pertinax
1279 1000 1331 1064 in·

374 1106 512 1186 venitin,
522 1106 557 1171 id
568 1112 726 1190 quantum
737 1110 849 1169 nostra
861 1103 997 1168 interest
1007 1104 1211 1187 aliquatenus
1222 1109 1331 1167 ratum

374 1209 541 1281 habemus.
586 1209 796 1293 Numquam
814 1213 980 1292 praecepta
995 1206 1079 1291 juris
1092 1207 1162 1272 baec
1181 1205 1258 1287 sint,
1272 1207 1331 1272 lro·

374 1320 466 1379 nesto
485 1312 597 1391 vivere,
622 1312 762 1379 alterum
785 1332 855 1376 non
874 1310 1001 1392 luders,
1017 1311 1073 1397 jus
1095 1332 1191 1375 suum
1214 1312 1332 1396 cuique

374 1415 528 1496 tribuere,
547 1416 631 1481 siout
653 1436 692 1480 ea
713 1436 785 1500 qua
803 1415 907 1480 nostri
925 1416 1008 1500 juris
1026 1422 1104 1480 sunt
1121 1416 1215 1481 nobis
1231 1417 1332 1481 illasa

374 1539 505 1583 manere
534 1520 691 1598 volumus,
719 1518 765 1583 sie
794 1539 867 1603 quse
895 1525 1086 1603 eompetunt
1110 1519 1182 1583 aliis
1206 1520 1331 1584 nullam

373 1628 486 1686 nostra
514 1641 611 1705 opera
636 1619 800 1685 laesionem
827 1624 884 1683 aut
910 1618 1144 1685 detrimentum
1171 1620 1332 1687 sustinere

375 1724 603 1789 desideramus.
662 1722 873 1788 Paternitatis
898 1723 1009 1808 itaque
1038 1731 1152 1789 restrae
1179 1724 1330 1790 notitiam

374 1830 476 1894 latere
504 1828 590 1907 nolo,
615 1827 701 1912 quod
730 1826 881 1892 dominus
904 1826 1004 1891 abbas
1027 1828 1068 1893 de
1089 1828 1331 1910 Teoohesberia,

375 1930 534 1997 decimam
556 1929 597 1994 de
618 1937 706 1994 terra
721 1930 760 1995 It.
777 1928 893 2009 Foliot,
908 1929 990 1993 mihi
1002 1929 1113 1995 volens
1136 1931 1329 2012 satisfaoere‚

374 2056 434 2120 pro
458 2034 563 2099 tribus
589 2033 697 2098 solidis
720 2054 787 2097 uno
810 2054 898 2098 anno
922 2032 1055 2114 dimisit,
1080 2034 1239 2100 decimam
1261 2035 1332 2101 dioo

375 2160 473 2223 quam
487 2136 661 2222 pradictus
677 2138 716 2201 R.
732 2137 931 2202 reclamabat
946 2138 1029 2222 juris
1044 2158 1114 2203 esse
1127 2138 1269 2203 eoelesiae
1291 2138 1332 2203 de
1438 2138 1444 2147 '

376 2241 583 2307 Lanoarwan.
628 2239 816 2305 Prudentiae
843 2240 954 2325 itaque
981 2248 1096 2306 vestrae
1123 2241 1232 2324 palam
1259 2241 1332 2306 volo

375 2364 454 2423 esse,
469 2343 531 2409 hoo
552 2342 649 2407 modo
667 2342 709 2407 ad
727 2342 822 2406 illum
841 2342 987 2428 ejusdem
1007 2342 1142 2409 decimae
1161 2344 1331 2409 investitu-

373 2468 444 2512 ram
459 2446 644 2511 devolutam
664 2466 742 2511 esse.
789 2445 994 2530 Quapropter
1007 2446 1177 2511 caritatem
1190 2453 1330 2511 vestram

374 2550 547 2634 diligenter
570 2556 603 2615 et
629 2548 746 2615 obnixe
768 2570 892 2634 preoor,
918 2570 961 2615 ne
986 2549 1152 2615 occasione
1180 2550 1256 2630 mei,
1280 2550 1332 2615 vel

240 2681 247 2694 ·
371 2653 519 2739 predicti
543 2655 583 2720 R.
599 2653 770 2737 praefatum
791 2654 942 2719 abbatem
965 2674 1062 2739 anper
1079 2654 1142 2720 boo
1163 2653 1200 2719 in
1223 2654 1330 2739 aliquo

375 2756 514 2841 gravetis
543 2757 593 2823 vel
623 2756 747 2841 gravari
775 2756 980 2840 permittetis.
1033 2756 1188 2821 Alienum
1217 2763 1332 2821 conus

372 2860 534 2944 justitiam
555 2866 589 2925 et
612 2866 742 2943 patrum
761 2860 891 2925 decreta
909 2859 1044 2925 omnino
1065 2861 1151 2938 nolo,
1170 2859 1247 2944 quia
1265 2880 1333 2925 non

375 2963 477 3029 debeo
491 2964 642 3029 affectare
656 2969 714 3027 aut
729 2961 901 3047 possidere.
947 2961 1074 3025 Valete.

470 3214 692 3281 EPISTOLA
707 3210 942 3279 mim-sn
959 3232 991 3277 a.
1009 3232 1235 3277 axorrrnrsan

753 3334 956 3380 rrrscoaun.

374 3410 469 3519 Patia'
487 3406 545 3518 *auo
559 3460 590 3517 et
605 3454 726 3517 braiao
740 3454 780 3517 R.
796 3450 969 3517 anaieasi
982 3453 1045 3517 Dei
1054 3457 1163 3537 pratia
1182 3454 1335 3537 episcopo,

407 3556 518 3640 frater
542 3556 580 3621 G.
600 3557 777 3625 Glocertrioe
799 3556 901 3621 dictas
922 3558 1027 3637 abba,
1050 3558 1162 3621 solatia
1180 3556 1334 3640 paediam

417 3667 449 3724 et
463 3660 643 3725 obedientia
648 3658 853 3743 famulatum.

419 3797 578 3876 QUANrA,
603 3796 744 3877 domine,
770 3797 928 3863 debeatur
956 3798 1138 3883 apostolieae
1165 3798 1329 3882 majestati

375 3899 563 3979 reverentia,
594 3921 666 3983 quae
702 3900 801 3964 etiam
837 3900 1000 3965 mandatis
1034 3902 1105 3985 ejus
1138 3900 1332 3980 obedientia,

375 4010 480 4067 vestra
497 4003 577 4077 satis
596 4002 686 4066 novit
702 4002 862 4082 diseretio,
878 4004 972 4087 eujus
984 4025 1053 4068 non
1069 4004 1176 4068 minus
1196 4004 1238 4069 ad
1259 4004 1333 4068 doc-

374 4107 494 4171 trinam
510 4106 654 4187 soientia,
671 4127 768 4189 quam
783 4106 825 4171 ad
839 4107 1045 4172 honestatem
1060 4115 1093 4171 et
1108 4127 1240 4171 omnem
1261 4129 1333 4190 gra-

375 4210 456 4274 tiam
484 4230 590 4275 mores
623 4209 811 4273 exuberant.
871 4210 987 4274 Preces
1021 4210 1132 4294 itaque
1166 4212 1335 4276 serenitati

376 4320 489 4379 vestrae
515 4310 719 4397 porrigimus,
746 4334 788 4377 ne
814 4334 871 4378 vos
893 4314 1151 4379 cerneliensium
1177 4314 1336 4380 dissuasio
