3225 5192
380 660 444 726 186
690 676 852 721 crassari
868 674 1018 721 rrrscorr

376 800 413 864 in
428 798 474 863 sie
488 796 565 863 dsta
578 795 741 861 sententia
749 792 978 878 corrigendum
987 791 1151 871 noveritis,
1165 792 1227 877 ipsi
1238 793 1334 879 juxta

378 902 488 967 datam
506 900 596 965 vobis
617 898 807 983 sapientiam
828 898 1005 983 corrigetis,
1019 903 1190 980 vestroque
1208 899 1332 981 paritu-

376 1007 421 1070 ris
441 1004 605 1083 mandato,
622 1002 707 1086 quod
721 1001 854 1065 libuerit
868 1000 1056 1085 injungetis
1095 1001 1215 1067 Valeat
1229 1000 1331 1067 domi-

376 1132 439 1175 nus
453 1130 545 1173 meus
560 1114 593 1172 et
607 1112 700 1191 pater
713 1105 750 1169 in
765 1104 896 1171 Christo
909 1103 1103 1169 carissimus.

531 1414 757 1482 EPISTOLA
779 1413 1008 1481 oxma-io
1021 1434 1176 1479 nnnnsrr.

377 1573 473 1636 Patri
489 1590 544 1634 suo
559 1576 589 1633 et
604 1568 726 1633 domm
744 1566 778 1631 Τ.
793 1566 855 1630 Dei
869 1567 980 1649 qratia
996 1567 1214 1631 oantaaaeaa
1227 1566 1329 1630 oreti-

420 1676 571 1757 epr'scopo,
586 1672 758 1755 Araplos-ram
766 1671 910 1753 ρήηιαίἱ,
926 1675 956 1733 et
972 1675 1088 1733 sancte
1106 1670 1191 1733 sedis
1210 1676 1329 1751 aposto-

421 1780 487 1841 b'oae
502 1779 613 1859 lepato,
620 1774 728 1857 frater
745 1775 783 1837 G.
799 1772 1049 1855 Herefordiensts
1069 1774 1202 1837 eccksioe
1224 1774 1329 1837 minis·

421 1889 478 1963 ter,
492 1884 624 1946 salutem
638 1886 669 1944 et
683 1878 895 1943 obedientiam.

420 2034 576 2109 clusin,
597 2039 699 2117 pater,
723 2038 829 2097 actam
850 2029 938 2115 apud
958 2051 1028 2108 nos,
1049 2034 1083 2094 et
1103 2030 1191 2095 facta
1211 2029 1253 2094 ad
1273 2050 1329 2093 vos

377 2136 590 2221 appellatione
612 2155 811 2219 suspensam,
834 2133 1027 2199 sublimitati
1052 2140 1166 2199 vestrae
1186 2133 1328 2198 notifico.

378 2240 526 2305 Quatuor
548 2238 821 2304 milites'Roberti
842 2238 884 2302 de
905 2238 984 2303 Laci
1005 2236 1157 2301 adversus
1178 2237 1329 2301 comitem

377 2341 578 2409 Herefordire
599 2342 661 2407 hoc
683 2341 769 2425 apud
790 2363 850 2405 nos
871 2341 908 2405 in
929 2340 1093 2425 querelam
1114 2339 1328 2419 deduxerunt,

377 2446 464 2531 quod
482 2446 551 2531 ipse
568 2466 675 2512 eomes
692 2466 747 2511 eos
765 2446 801 2511 in
821 2444 1006 2511 eoemeterio
1020 2442 1171 2527 quodam,
1187 2443 1229 2508 ad
1243 2442 1329 2528 quod

376 2552 446 2637 ejus
461 2550 578 2615 timore
592 2550 821 2633 confugemnt,
832 2549 989 2614 violenter
1002 2554 1113 2631 captos
1127 2548 1169 2612 sd
1182 2546 1328 2630 redemp-

375 2652 499 2717 tionem
528 2650 727 2735 eompulerit,
754 2650 972 2734 supplicantes
999 2650 1104 2715 officio
1130 2658 1239 2715 vestro
1268 2649 1329 2714 sibi

376 2755 484 2821 ablata
502 2755 640 2834 restitui,
656 2775 754 2839 seque
772 2762 811 2819 ut
830 2754 872 2819 ab
891 2754 975 2819 ostio
993 2754 1119 2819 evolsos
1133 2754 1275 2819 eeclesiae
1287 2754 1329 2818 de

375 2881 477 2925 manu
494 2860 619 2925 comitis
638 2858 777 2923 liberari.
823 2858 940 2923 Comes
953 2878 1028 2938 vero
1043 2880 1078 2922 ss
1092 2879 1146 2922 eos
1161 2866 1253 2923 extra
1266 2880 1328 2923 coe-

376 2964 547 3029 meterium
564 2962 695 3048 cepisse,
711 2971 745 3027 et
766 2962 807 3027 ob
829 2961 891 3027 boc
912 2960 956 3027 ad
975 2961 1231 3045 redemptionem
1249 2962 1327 3045 legi-

375 3070 456 3134 time
471 3069 662 3152 compulisse
676 3066 901 3151 respondebat,
915 3072 955 3130 ut
973 3065 1035 3131 sibi
1053 3066 1089 3130 in
1105 3066 1232 3130 insidiis
1245 3066 1327 3151 posi-

375 3179 436 3237 tos.
466 3170 801 3237 Exeommunioationi
816 3170 915 3235 etism
929 3191 994 3253 qua
1007 3169 1094 3253 pacis
1111 3169 1322 3254 [sanctarum]

376 3275 505 3340 dierum
526 3273 695 3337 violatores
719 3279 877 3337 tenentur
898 3271 1063 3350 obnoxios,
1084 3272 1140 3356 qni
1161 3293 1240 3356 paee
1259 3294 1328 3337 non

375 3384 501 3444 servata
518 3377 659 3443 eoelesiae
676 3377 747 3461 ipsa
765 3376 871 3441 sancti
889 3376 1097 3441 Pentecostes
1115 3375 1326 3455 bebdomada,

376 3481 436 3547 sub
452 3502 541 3575 sacro
556 3481 633 3547 IIII
647 3486 831 3565 temponrm
846 3480 973 3565 jejunio
988 3487 1085 3545 nocte
1104 3481 1146 3545 sd
1165 3480 1328 3565 quandam

376 3584 509 3649 domum
532 3586 601 3671 ejus
627 3584 817 3668 capiendam
839 3590 1004 3660 venerant,
1030 3590 1065 3648 et
1092 3584 1129 3647 in
1152 3606 1247 3668 opere
1269 3606 1328 3649 suo

376 3689 599 3773 comprehensi
634 3696 716 3754 tnnc
750 3688 813 3773 [in]
847 3709 964 3752 manus
999 3688 1101 3772 ipsius
1135 3689 1326 3753 inciderant.

376 3794 536 3858 Praeterea
560 3814 626 3876 quo
652 3793 746 3858 dietis
769 3792 840 3877 ejus
864 3792 963 3857 fidem
984 3793 1103 3858 cerbus
1126 3792 1327 3871 haberemus,

376 3917 481 3961 eomes
507 3918 541 3960 se
566 3897 700 3961 testium
724 3897 916 3962 idoneorum
940 3898 1152 3963 assertionem
1175 3898 1327 3981 probatu·

375 4020 458 4079 rum,
475 4000 561 4083 qnod
576 4000 699 4065 dictum
714 4008 772 4079 est,
788 3999 969 4086 adjiciebat.
1002 3998 1099 4065 Hanc
1113 4023 1241 4086 quoque
1255 4022 1327 4086 pro·

375 4103 540 4172 bationem
555 4104 642 4187 quod
656 4124 711 4169 eos
725 4110 818 4168 extra
831 4105 1055 4183 coemiterium,
1071 4106 1193 4171 scilicet
1210 4108 1246 4171 in
1260 4128 1326 4170 ma-

375 4207 479 4273 leficio
498 4208 585 4292 quod
607 4207 668 4273 sibi
689 4208 907 4273 moliebantur
925 4210 1070 4293 cepisset,
1091 4219 1208 4294 sponte
1230 4211 1329 4275 semel

376 4320 408 4377 et
431 4313 548 4397 saepius
570 4312 734 4377 offerebat
781 4312 928 4378 Scientes
949 4314 1063 4397 utique
1086 4313 1127 4378 de
1149 4314 1329 4379 manifestis
