3225 5192
240 673 525 783 A.n.lldl-'.-89.]
577 636 1017 746 uounoussusisueissodu.
1127 679 1191 747 337
1249 678 1294 700 “’

204 810 208 819 ’
240 805 372 880 amasos
396 801 532 880 nostros
546 799 728 912 expectetis,
755 806 973 900 reportaturos
996 819 1085 883 vobis
1111 842 1189 902 prae-

200 906 207 922 '
241 915 319 980 dicti
346 917 484 1002 'episcopi
508 939 706 1000 responsum,
731 921 757 983 si
784 941 875 983 mora
898 929 1009 987 tamen
1035 922 1191 985 adventus

183 1019 352 1084 ·'.eorum
378 1021 411 1084 id
436 1021 505 1089 fieri
534 1021 751 1104 postulaverit.
798 1023 938 1086 Omnem
967 1025 1055 1087 enim
1085 1024 1192 1087 daturi

137 1166 146 1187 ι
188 1148 198 1222 'ss
241 1140 353 1184 sumus
382 1143 522 1204 operam,
553 1134 590 1186 ut
621 1144 744 1187 moram
774 1125 858 1187 hanc
887 1127 1128 1207 praeveniamus,
1158 1133 1192 1190 et

194 1299 198 1306 Ι
241 1227 365 1287 statuto
390 1219 483 1288 nobis
509 1225 562 1288 die
591 1233 622 1289 et
652 1225 732 1304 loco,
757 1226 856 1304 vobis,
880 1228 1014 1309 juvante
1040 1228 1190 1305 Domino,

241 1347 454 1390 occurramus.

289 1633 509 1701 EPIs'POLA
532 1637 791 1702 celim-in
807 1657 999 1703 warascum
1016 1655 1144 1704 uosm-

589 1814 598 1827 Β
644 1761 789 1803 CENSBM.

286 1888 408 1967 Samis,
431 1890 602 1968 carissime,
621 1891 730 1973 jacula
752 1912 824 1974 quae
844 1893 1061 1975 praevidentur
1082 1891 1193 1956 obesse

242 1991 359 2068 minus,
375 1998 409 2055 et
428 1991 513 2075 quod
533 1999 678 2076 tempore
699 1993 798 2076 longo
817 1992 934 2058 melius
954 1995 995 2061 sit
1016 2015 1191 2071 occurrere,

241 2112 337 2175 quam
367 2095 535 2159 vulnerata
563 2117 660 2160 causa
688 2095 728 2160 dc
754 2097 927 2178 quaerendo
955 2097 1097 2162 remedio
1122 2098 1192 2181 jam

241 2195 336 2259 nimis
359 2217 430 2260 sero
454 2196 639 2261 deliberare.
684 2197 783 2262 Unde
806 2199 1046 2262 considerantes
1067 2204 1193 2283 patrem

240 2306 388 2362 nostrum
403 2299 670 2364 Cantuariensem
688 2301 729 2363 ad
748 2300 1007 2364 maledictionem
1022 2302 1192 2384 promptis-

241 2399 360 2462 simum
380 2406 413 2462 et
433 2407 625 2482 potestatem
646 2422 743 2483 quam
762 2401 798 2463 in
819 2401 1055 2465 edificationem
1074 2408 1107 2464 et
1124 2423 1192 2464 non

241 2501 494 2565 destructionem
517 2500 657 2564 ecclesiae
680 2501 856 2585 suscepisse
879 2497 1045 2581 debuerat,
1067 2503 1103 2565 in
1126 2503 1193 2566 Do·

240 2605 367 2667 minum
391 2609 539 2668 nostrum
561 2624 671 2685 regem
696 2610 729 2667 et
752 2623 891 2686 regnum
914 2604 994 2686 ejus,
1016 2605 1052 2666 in
1074 2623 1134 2668 nos
1159 2611 1193 2668 ct

240 2706 425 2770 commissas
444 2705 538 2770 nobis
559 2706 716 2784 ecclesias,
738 2713 851 2770 contra
871 2706 1007 2770 formam
1030 2727 1194 2772 sacrorum

240 2829 402 2873 canonum
425 2829 570 2874 exercere
593 2814 753 2892 paratum,
775 2815 809 2873 et
833 2808 873 2872 ad
898 2808 1104 2892 apostolicam
1123 2809 1192 2892 jam

240 2911 297 2974 diu
320 2911 517 2975 audientiam
542 2912 770 2995 appellavimus
793 2917 828 2974 et
849 2911 891 2974 ad
911 2911 1002 2974 datos
1020 2909 1119 2993 probis
1139 2912 1192 2993 ju-

241 3013 327 3076 dices
348 3014 596 3097 appellationem
616 3014 700 3078 hanc
723 3013 947 3097 prosequendo
969 3018 1193 3095 tempestatem

238 3119 323 3182 hanc
347 3140 412 3201 qua
434 3117 564 3182 concuti
588 3116 823 3195 metuebamus,
849 3116 1095 3180 administrante
1121 3135 1192 3197 gra-

240 3221 321 3284 tiam
335 3220 487 3297 Domino,
503 3237 627 3303 usque.
645 3267 652 3281 .
671 3267 678 3281 .
697 3265 704 3280 .

241 3531 460 3597 EPISTOLA
482 3529 759 3594 noxum-sn
782 3548 978 3594 succussu
1002 3548 1207 3592 smsooruss·

559 3652 871 3697 sansssuamussn.

284 3785 448 3847 Donmus
463 3783 705 3846 Cantuariensis
727 3803 828 3865 quum
849 3781 999 3845 adversm
1019 3781 1194 3864 rempubli-
1305 3848 1312 3860 ‚

215 3869 221 3879 ⁵
239 3907 310 3950 cam
324 3886 417 3968 regni
431 3886 529 3968 hujus
544 3885 630 3948 mala
643 3885 713 3948 haec
726 3883 930 3947 machinetur
942 3890 1065 3965 quanta
1078 3886 1195 3966 potest,
1215 3976 1222 3990 .

239 3990 398 4073 praecipue
417 3995 529 4052 tamen
550 4009 609 4051 nos
630 3987 720 4064 duos,
738 3987 821 4049 sicut
837 3986 965 4063 dicitur,
981 4006 1125 4048 seorsum
1140 4007 1196 4066 po·

239 4095 290 4157 nit
310 4093 350 4158 ad
372 4093 535 4176 sagittam,
551 4093 586 4155 in
602 4113 681 4174 quos
697 4091 816 4174 primos
837 4089 982 4153 effundat
1002 4089 1143 4170 impetus
1162 4097 1196 4151 et

239 4207 432 4283 potestatem
453 4207 600 4264 exerceat
620 4200 655 4261 in
677 4199 760 4261 malo
776 4219 873 4280 quam
891 4217 959 4263 non
973 4216 1025 4258 me
1040 4195 1196 4273 beneficio
1273 4210 1288 4223 ·’
1379 4196 1383 4205 ’

239 4303 374 4366 memini
396 4304 445 4367 vel
468 4305 613 4366 sensisse.
661 4302 721 4364 Ille
739 4321 889 4382 namque,
905 4305 943 4362 ut
958 4298 1086 4375 dicitur,
1101 4298 1194 4362 enis-

709 4425 726 4465 a
