3225 5192
403 728 463 790 156
721 738 1036 785 armanrrnerscors

400 884 473 927 sum
502 865 612 924 mente
636 864 669 922 et
695 857 810 942 spiritu
836 855 1082 933 desiderantem,
1106 862 1140 919 te
1165 855 1202 919 in
1226 855 1356 920 beatam
1406 885 1410 891 ·

400 963 537 1049 patriam
553 960 722 1027 affectione
741 966 813 1025 tota
831 959 1032 1037 tendentem,
1048 958 1114 1022 tuis
1128 966 1167 1022 ut
1187 958 1281 1022 iaetm
1298 980 1356 1023 au-

401 1067 454 1131 dio
473 1066 614 1149 benigne
634 1064 789 1142 restituit,
809 1070 844 1127 et
862 1062 951 1126 velut
974 1061 1012 1125 in
1034 1061 1125 1125 exitu
1143 1062 1356 1127 constitutam

400 1170 441 1235 ad
467 1190 527 1233 nos
550 1165 799 1232 clementissime
822 1164 990 1229 revocavit.
1035 1165 1145 1228 Floras
1169 1172 1207 1229 nt
1231 1164 1357 1248 mutium

400 1272 512 1357 patrius
533 1270 668 1335 caleatis
689 1268 823 1334 odorare
841 1268 910 1352 jam
929 1288 1081 1352 coeperas,
1104 1273 1138 1331 et
1159 1274 1357 1351 praegustata

400 1373 536 1438 fortasse
556 1371 674 1455 gaudia
692 1369 753 1433 tibi
769 1369 838 1453 jam
858 1368 981 1433 differri
999 1368 1226 1452 conquerendo
1246 1368 1355 1452 deplo-

401 1498 464 1541 ras.
509 1474 685 1549 Patienter,
701 1473 842 1551 obsecro,
862 1471 1078 1550 dilectissime,
1098 1472 1222 1535 sustine
1241 1470 1354 1535 Domi-

401 1599 492 1657 num,
510 1577 565 1661 qui
580 1575 666 1660 quod
681 1575 789 1639 differt
810 1596 877 1639 non
896 1574 1011 1652 aufert,
1027 1574 1113 1657 quod
1131 1573 1299 1657 suspendit
1313 1574 1355 1638 ad

401 1689 539 1765 tempus,
576 1678 781 1763 postmodum
811 1678 1013 1741 cumulatum
1042 1676 1150 1741 reddit
1177 1677 1214 1741 in
1243 1678 1353 1762 gloria„

402 1784 481 1848 Non
501 1790 550 1847 est
569 1782 606 1845 in
625 1781 773 1866 paradiso
791 1781 847 1864 qui
865 1781 908 1845 ad
926 1780 1106 1864 profectum
1126 1780 1176 1843 sui
1196 1780 1353 1845 bonorum

402 1885 547 1969 indigere
576 1883 678 1968 possit
707 1883 870 1967 exemplis.
921 1883 989 1947 Ubi
1017 1904 1086 1947 non
1114 1890 1163 1947 est
1192 1882 1355 1967 perfectio,

403 2009 485 2070 opus
514 2008 584 2051 esse
613 1994 741 2051 constat
771 1986 927 2070 exemplo.
972 1986 1130 2069 Exemplo
1158 1986 1210 2050 tui
1237 1986 1357 2049 multas

402 2090 572 2176 profecisse
594 2089 827 2172 cognoscimus,
850 2089 961 2172 quite
983 2089 1148 2153 subtracta
1172 2088 1213 2153 de
1238 2088 1356 2167 medio,

403 2212 446 2255 ne
464 2192 500 2255 in
519 2191 680 2255 incertum
695 2199 839 2269 currant,
857 2190 980 2255 habent
998 2190 1086 2255 unde
1106 2192 1226 2275 gratim
1246 2201 1356 2274 agant,

404 2302 438 2359 te
461 2294 590 2359 virtutis
613 2295 775 2377 exemplar
798 2295 952 2373 retinent,
977 2294 1064 2378 quod
1086 2316 1152 2378 prae
1175 2296 1277 2359 oculis
1300 2296 1356 2359 ha-

403 2396 520 2473 bendo,
535 2396 648 2460 virtuti
664 2417 731 2460 sese
747 2396 947 2461 conformem
961 2396 1145 2461 intendant.
1190 2398 1263 2480 Age
1279 2418 1358 2481 ergo

404 2496 621 2575 dilectissima,
648 2504 680 2561 et
705 2519 802 2581 quam
831 2520 950 2580 magno
976 2499 1039 2562 Dei
1068 2520 1203 2563 munere
1227 2499 1356 2564 restitu-

404 2602 472 2659 tam
488 2596 694 2679 suscepimus,
710 2616 821 2660 curum
836 2596 963 2675 adhibe,
985 2618 1028 2660 ne
1050 2619 1107 2681 per
1127 2598 1178 2661 tui
1199 2598 1357 2662 incuriam

405 2697 601 2761 amittamus.
642 2698 754 2762 Patres
770 2700 919 2763 emeritos
934 2699 1033 2763 habes
1047 2700 1133 2764 circa
1146 2708 1189 2779 te,
1204 2700 1265 2764 tibi
1279 2700 1356 2765 fide-

404 2800 479 2865 liter
501 2800 696 2879 assistentes,
720 2808 753 2865 te
775 2800 888 2865 eadem
909 2824 973 2885 qna
992 2802 1112 2885 seipsos
1133 2802 1267 2867 caritate
1289 2826 1357 2867 am-

404 2905 592 2989 plectentes.
639 2905 767 2968 Horum
787 2904 919 2969 obsecro
937 2927 1013 2989 pare
1033 2905 1173 2984 munitis,
1189 2906 1358 2989 adquiesco

406 3008 556 3087 consiliis,
573 3007 700 3072 defectu
715 3008 817 3072 nimio
831 3029 905 3072 caro
919 3017 978 3072 tua
992 3008 1112 3073 viribus
1126 3018 1280 3075 evacuata
1297 3019 1356 3090 est,

406 3117 519 3193 utpote
543 3132 615 3193 quae
640 3132 715 3174 cum
741 3118 845 3174 morte
871 3111 995 3174 luctata
1023 3112 1086 3174 nisi
1110 3133 1203 3195 opem
1233 3113 1358 3183 ferente

405 3211 546 3276 Domino
575 3233 643 3276 non
672 3214 833 3277 evasisset.
886 3213 931 3277 Te
955 3236 1029 3278 vero
1055 3214 1207 3279 virtutem
1233 3237 1358 3300 semper

406 3313 508 3377 zelare
523 3334 589 3377 non
604 3314 743 3399 ambigo,
758 3316 847 3381 unde
866 3324 899 3380 et
919 3316 960 3381 de
979 3316 1030 3380 his
1045 3340 1117 3401 quae
1130 3340 1219 3383 nuuc
1232 3318 1358 3383 instant

403 3416 535 3501 jejuniis
554 3418 755 3501 pertimesco.
801 3418 944 3485 Obsecro
957 3441 1001 3484 ne
1015 3420 1103 3503 quod
1121 3421 1225 3485 scribo
1244 3422 1357 3487 exhor·

406 3540 485 3597 reas,
501 3520 682 3584 salubribus
696 3522 828 3586 interim
843 3522 974 3587 monitis
988 3523 1183 3607 adquiescas,
1199 3524 1358 3589 defectam

407 3642 514 3703 qnaeso
532 3642 663 3686 carnem
681 3624 786 3688 carnis
805 3646 863 3689 esu
881 3633 1053 3705 sustentes,
1068 3634 1103 3691 et
1117 3626 1280 3691 modicum
1294 3649 1358 3712 quo

406 3722 528 3787 reficies
551 3724 586 3787 in
610 3723 675 3788 suis
699 3725 841 3789 Domino
863 3726 1057 3810 pauperibus
1081 3727 1213 3810 largiter
1235 3748 1357 3793 recom-

406 3847 531 3911 penses.
577 3828 706 3892 Fratres
730 3829 785 3913 qui
809 3829 894 3894 circa
915 3837 949 3895 te
973 3837 1059 3909 sunt,
1083 3832 1119 3895 in
1144 3831 1206 3895 hoc
1230 3852 1357 3895 mecum

406 3931 525 3994 sentire
544 3932 678 4012 aestimo,
694 3933 847 4015 quatinus
860 3954 963 4016 nsque
983 3935 1024 3997 ad
1043 3934 1098 3997 isti
1117 3942 1195 4000 sunt
1209 3933 1286 4014 dies,
1302 3934 1358 3999 de·

405 4032 484 4096 bilia
505 4032 650 4097 membra
667 4042 725 4098 tua
744 4036 907 4120 vitamque
921 4036 1009 4100 velut
1030 4036 1186 4119 supremis
1207 4038 1243 4100 in
1263 4036 1358 4101 labiis

406 4136 626 4215 constitutam,
639 4138 743 4201 carnis
759 4139 933 4203 sustentari
947 4139 1078 4222 patiaris
1092 4139 1209 4217 edulio,
1223 4148 1257 4203 et
1271 4140 1358 4204 victu

407 4249 440 4304 et
455 4241 573 4305 vestitu
592 4240 746 4305 tredecim
765 4242 897 4306 interim
915 4243 1068 4307 fratribus
1089 4250 1231 4325 erogato,-
1245 4251 1285 4307 tn
1298 4241 1359 4307 tibi

407 4366 426 4407 a
446 4344 572 4408 defectu
593 4344 767 4427 provideas,
788 4346 994 4429 ipsorumque
1013 4346 1197 4409 necessitati
1217 4345 1359 4429 benigna
