3225 5192
282 700 349 745 sm.
366 650 564 769 lisassoi]
615 702 910 747 nsanroaoisrsis
926 704 1101 749 rrrsronn.
1168 688 1230 749 118

264 820 438 903 proposui,
455 842 550 905 quem
572 822 614 887 ab
634 822 779 906 eoquod
802 822 863 887 sibi
885 824 1001 888 inutile
1022 829 1057 887 et
1076 822 1228 888 inhones-

211 984 216 994 .
278 929 349 987 tum
363 945 512 989 revocare
527 926 644 989 emavi.
669 925 794 1004 Valete,
805 933 840 990 et
853 926 890 991 in
904 926 994 993 omni
1009 926 1228 991 emolumento

245 1124 251 1136 Ι
278 1027 447 1109 temporali
460 1028 663 1092 honestatem
678 1028 864 1111 praeponite.

309 1320 530 1393 urmuous
551 1321 849 1392 mxxvii-m
866 1348 1049 1392 suasurum
1066 1348 1193 1392 aarum.
1300 1336 1311 1359 ·

278 1479 371 1543 Patri
399 1500 455 1545 sas
483 1485 513 1543 et
543 1480 664 1543 domino
693 1500 810 1543 mmmo
833 1479 978 1561 pontifici
1006 1481 1156 1562 Eupenio,
1188 1480 1226 1544 G.

318 1582 566 1663 Herqfords'eaaia
576 1584 709 1646 ecelesia
720 1583 868 1661 minister,
881 1583 1015 1664 pedibas
1028 1585 1146 1646 sanctis
1156 1604 1226 1646 con-

317 1684 436 1746 culcato
452 1684 561 1763 Satan
578 1686 768 1787 triumphare
781 1705 901 1767 seraper
914 1686 949 1748 ia
962 1686 1104 1749 Domino.

320 1838 424 1901 Sroor
447 1838 577 1903 domino
598 1860 672 1903 meo
693 1839 818 1922 placuit
834 1840 883 1903 ito
902 1839 1026 1904 factum
1047 1845 1106 1918 est,
1127 1845 1161 1904 et
1182 1840 1224 1903 ad

271 1939 450 2023 jussionem
477 1948 616 2005 vestram
644 1941 725 2004 mihi
753 1962 869 2005 manus
898 1948 948 2005 est
975 1942 1223 2006 consecrationis

274 2040 432 2126 imposita,
450 2049 484 2107 et
505 2042 760 2106 Herefordiensis
782 2043 922 2107 ecclesiae
943 2063 1021 2107 eura
1041 2045 1221 2108 commissa.

275 2143 357 2208 Inde
371 2150 430 2223 est,
446 2144 532 2228 quod
554 2145 709 2209 attentius
725 2152 871 2229 spectant
885 2145 970 2209 oculi
984 2146 1086 2210 nostri
1102 2145 1142 2209 ad
1158 2166 1222 2224 vos,
1299 2195 1302 2199 -

274 2254 411 2311 svestra
428 2246 626 2311 sublimitate
645 2255 820 2330 sperantes,
836 2254 869 2311 et
888 2256 1111 2331 exspectantes
1132 2249 1222 2313 auxi·

272 2349 362 2428 lium,
371 2349 459 2413 unde
473 2348 645 2413 habuimus
655 2349 785 2413 honoris
797 2356 831 2413 et
841 2350 962 2414 ordinis
973 2351 1220 2415 incrementum.
1294 2392 1302 2401 -

273 2450 398 2514 Clamat
413 2456 446 2514 et
461 2452 667 2534 conqueritur
682 2450 814 2515 eeclesia
832 2457 943 2515 nostra
956 2452 1221 2535 praedecessorem

272 2557 418 2615 nostrum
432 2550 527 2615 bonae
539 2552 702 2615 memoriae
717 2552 886 2616 dominum
901 2553 1080 2617 Robertum
1101 2556 1221 2637 episoo·

273 2674 351 2737 pnm
366 2660 504 2736 quatuor
517 2654 704 2737 praebendas
719 2674 792 2717 suas
808 2654 849 2717 ad
862 2652 1029 2717 eeclesiam
1051 2654 1221 2719 Lantonite

271 2756 482 2835 transtulisse,
498 2762 531 2820 et
550 2777 617 2839 pras
635 2756 804 2820 nimietate
819 2755 936 2818 amoris
954 2776 1018 2837 quo
1038 2776 1115 2839 erga
1134 2756 1220 2819 Lan·

271 2859 403 2939 taniam,
419 2867 457 2925 ut
476 2859 561 2943 ipsos
581 2859 748 2942 ampliaret
767 2857 951 2935 tenebatur,
970 2858 1115 2941 proprios
1129 2858 1219 2922 oleri-

271 2980 323 3023 ωε
338 2959 458 3024 eisdem
473 2967 610 3043 quatuor
624 2960 813 3044 praebendisl
819 2955 979 3043 spoliasse.
1024 2960 1123 3024 Unde
1136 2980 1220 3024 sere·

272 3062 367 3127 nitati
391 3069 505 3127 vestre
529 3063 745 3147 supplicamus
768 3049 943 3141 humiliter,
967 3062 995 3126 si
1017 3062 1220 3145 majestatem

272 3172 407 3229 vestram
435 3164 580 3248 praedicti
608 3165 844 3229 lantonienses
873 3162 1020 3243 adierint,
1046 3184 1089 3227 ne
1114 3170 1221 3229 vestra

272 3266 459 3331 auctoritate
474 3267 518 3331 eis
533 3268 680 3336 firmetur
693 3267 779 3351 quod
794 3266 901 3331 cleriei
918 3267 1022 3331 nostri
1041 3266 1103 3331 sibi
1121 3267 1221 3331 fuisse

270 3370 389 3453 injuste
418 3369 525 3434 ablata
553 3377 806 3453 conqueruntur.
860 3369 936 3433 Duo
961 3370 1060 3433 etiam
1088 3370 1220 3434 enstells

270 3473 407 3537 eoelesiae
419 3479 539 3537 nostrae
556 3472 642 3536 idem
661 3471 874 3555 pmdeoessor
886 3478 998 3535 noster
1012 3471 1219 3535 nobilissimis

269 3574 342 3637 viris
367 3574 475 3639 oomiti
506 3574 546 3638 de
571 3574 711 3639 Mellent
737 3581 770 3637 et
794 3572 930 3655 Hugoni
959 3573 1000 3637 (le
1029 3573 1218 3652 Mortemer,

268 3695 387 3757 magno
400 3676 540 3739 eeclesiae
550 3675 651 3759 ipsius
665 3674 869 3740 incommodo
883 3682 917 3739 et
932 3674 1128 3739 detrimento
1141 3696 1220 3739 oon-

269 3777 374 3840 oessit.
419 3776 502 3841 Quae
521 3777 597 3861 quia
617 3777 701 3840 male
723 3776 877 3841 dismota
897 3785 985 3856 sunt,
1006 3784 1040 3841 et
1060 3784 1219 3860 quantum

269 3878 310 3941 ad
323 3899 393 3953 nos,
407 3878 500 3962 quasi
522 3878 564 3943 ad
585 3878 840 3962 desperationem
854 3879 995 3944 alienata
1009 3888 1096 3957 sunt,
1111 3886 1219 3944 vestra

268 3980 405 4063 petimus
421 3981 611 4045 auctoritate
625 3987 824 4045 revocentur.
870 3980 969 4047 Quod
983 4002 1058 4047 vero
1078 3981 1120 4044 ad
1139 3980 1219 4046 hin-

268 4083 462 4147 oolniensem
476 4082 642 4159 eeclesiam
657 4089 791 4166 spectat,
807 4089 920 4167 utpote
935 4082 1022 4168 qnod
1036 4082 1218 4147 andivimus
1259 4137 1268 4152 ,

266 4192 299 4248 et
320 4186 467 4261 uidimus,
488 4206 598 4250 seeuro
619 4184 781 4269 loquimur
802 4193 836 4249 et
857 4187 1078 4251 testificamur.
1122 4184 1218 4267 Ejus·

265 4287 342 4356 dom
361 4289 453 4353 enim
478 4288 618 4353 eeclesiae
642 4289 745 4352 clerus
772 4296 806 4353 et
830 4288 968 4374 populus
994 4287 1217 4369 religiosarum

736 4411 750 4453 r
