3225 5192
415 698 457 763 76
662 714 824 759 elusum
842 714 964 759 rumor
981 713 1127 759 assam

413 828 556 913 profecto
576 826 750 911 geminavit
771 825 807 888 in
829 846 891 903 me,
908 823 994 908 quod
1015 844 1084 887 non
1105 821 1212 887 solnm
1232 822 1369 889 offendit

412 934 607 1016 episcopum,
623 930 680 995 sed
694 936 727 993 et
743 928 911 993 dominum
930 928 1031 991 immo
1050 932 1084 989 et
1104 931 1230 1009 petrem
1245 926 1367 1009 experi-

414 1036 533 1099 mentis
559 1031 803 1117 quamplurimis
828 1030 1068 1094 amicissimum.
1114 1029 1233 1093 Preeor
1257 1028 1367 1112 itaque

411 1145 450 1203 ut
464 1144 645 1203 correctum
659 1134 822 1218 suscipias,
838 1140 871 1197 et
886 1131 1099 1209 admonitum,
1115 1138 1149 1195 et
1169 1131 1254 1196 hanc
1273 1131 1367 1195 nobis

412 1240 562 1305 donando
577 1238 730 1323 injuriam
744 1242 851 1300 vestra
864 1234 957 1299 nobis
972 1233 1137 1298 cumulare
1151 1232 1318 1313 beneficis,
1333 1241 1367 1298 et

412 1344 516 1427 gratia
540 1362 635 1425 super
659 1340 798 1425 gratiam
819 1337 930 1403 addita
952 1356 1105 1401 coronare
1128 1358 1197 1400 non
1220 1337 1365 1400 desistas.

411 1444 543 1509 Partem
564 1463 639 1508 vero
662 1442 732 1520 tibi,
756 1462 854 1525 quam
876 1441 964 1524 juste
989 1441 1118 1523 repetis,
1142 1440 1179 1503 in
1200 1440 1367 1523 integrum

411 1547 503 1612 reddi
525 1545 661 1630 praeeepi
683 1554 716 1609 et
737 1542 896 1627 praeeipio,
912 1548 945 1606 et
961 1542 1109 1625 quaedam
1131 1542 1191 1606 tibi
1214 1543 1367 1609 mandata

412 1650 564 1713 semetius
586 1645 751 1731 usquead
774 1646 950 1710 adventum
972 1645 1102 1709 Radulfi
1124 1644 1231 1709 elerici
1253 1646 1365 1725 nostri,

413 1753 607 1837 adpraesens
623 1750 748 1815 omitto.
779 1750 904 1813 Valete.

411 2052 633 2118 EPISTOLA
655 2050 877 2115 ΙΝΙΙΙ.-ιιι
895 2070 1081 2114 aruncum
1097 2070 1365 2116 ιιιιιιοιιιιιιιιιιι

789 2173 988 2217 nrrscoruu.

411 2306 506 2367 Patri
526 2324 582 2367 asso
604 2310 634 2367 et
657 2304 777 2367 ἀοιιιὶιιο
800 2304 843 2367 Η.
864 2304 1067 2367 Wiutouiemi
1089 2305 1151 2367 Dei
1169 2306 1278 2388 pratia
1301 2306 1364 2387 epi·

452 2427 553 2488 scopo,
568 2406 679 2487 frater
696 2408 733 2470 G.
750 2408 883 2469 ecclesie
898 2407 980 2469 beati
995 2407 1086 2470 Petri
1104 2408 1285 2473 Glocestrioe
1299 2410 1363 2472 dic-

454 2516 505 2573 tus
519 2509 624 2588 abdas,
633 2511 689 2591 pie
704 2510 879 2573 ιιιὶιεναιιάο
894 2510 1139 2572 misericordiam
1147 2513 1332 2592 memmi.

454 2668 652 2733 confram
682 2687 734 2731 me
765 2666 880 2731 caritas
910 2666 1117 2731 serenitatem
1148 2674 1298 2743 vestram,
1327 2667 1363 2731 in

411 2771 540 2835 Christo
560 2770 675 2834 dilecte
694 2776 796 2853 pater,
817 2769 984 2833 humiliter
1004 2769 1184 2853 implorare,
1207 2776 1243 2833 ut
1263 2790 1363 2853 quen·

410 2874 484 2939 dem
500 2874 636 2937 militem
651 2874 783 2937 nomine
800 2874 965 2957 Rugerum
980 2874 1094 2952 Foliot,
1107 2895 1203 2957 quem
1217 2872 1363 2938 homines

409 2978 507 3042 vestri
530 2976 616 3059 apud
638 2976 844 3039 Merendune
865 2975 1100 3039 incarceratum
1114 2983 1239 3056 tenent,
1260 2978 1364 3061 gratia

409 3086 515 3144 vestre
543 3085 576 3142 et
600 3078 756 3160 petitione
781 3084 902 3154 nostre,
929 3078 970 3139 ad
995 3078 1250 3160 redemptionem
1276 3080 1365 3144 mitti

404 3180 555 3264 jubeatis.
601 3180 675 3243 Qus
694 3179 729 3243 in
750 3200 786 3242 re
806 3178 998 3241 sublimitati
1012 3186 1126 3242 vestrm
1139 3183 1364 3263 presumendo

408 3283 541 3347 devotus
556 3280 709 3364 supplico,
726 3287 764 3345 ut
784 3279 876 3343 fucos
898 3268 936 3344 et'
953 3280 1115 3363 superflua
1127 3280 1225 3346 verbs
1238 3284 1364 3349 Willel·

407 3386 453 3449 mi
473 3386 513 3449 de
529 3383 680 3449 Cheisnei
693 3404 761 3447 non
775 3382 966 3463 admittatis,
982 3405 1043 3449 nec
1057 3384 1236 3449 secundum
1249 3387 1363 3453 volun-

407 3495 509 3552 tatem
531 3488 600 3570 ejus
620 3486 712 3549 illum
732 3486 859 3570 gravari
873 3487 1078 3570 permittatis,
1092 3510 1155 3553 nec
1168 3490 1272 3554 verbis
1286 3511 1362 3555 eum

407 3590 587 3656 odientium
613 3589 653 3654 de
681 3590 750 3675 ipso
779 3589 878 3653 fidem
906 3590 1062 3654 habeatis.
1107 3592 1243 3657 Noverit
1273 3595 1360 3659 enim

407 3694 560 3758 sanctitas
582 3700 697 3772 vestra,
717 3693 804 3777 quod
823 3700 916 3776 pater
935 3694 1005 3777 ejus
1030 3716 1198 3778 nunquam
1224 3696 1287 3760 nisi
1312 3697 1359 3761 di-

406 3797 540 3861 midiam
559 3797 671 3861 hidam
691 3804 785 3861 terrae
804 3796 929 3875 habuit,
949 3798 1018 3881 ipse
1037 3819 1167 3880 prorsus
1187 3800 1279 3879 nihil,
1297 3800 1361 3864 nisi

408 3901 493 3986 quod
518 3922 581 3965 usu
605 3900 730 3965 mih'tiae
755 3900 936 3983 adquisivit.
980 3900 1035 3963 Ad
1061 3902 1249 3966 donativum
1272 3903 1360 3967 enim

407 4004 537 4067 domino
567 4002 713 4067 Brientio
743 4002 870 4067 servivit
899 4002 1066 4081 hactenus,
1099 4012 1133 4068 et
1165 4006 1235 4089 jam
1271 4027 1360 4071 nunc

406 4127 504 4189 equos
519 4113 552 4171 et
568 4126 656 4169 arma
671 4104 861 4184 amittendo,
876 4111 981 4169 totum
997 4107 1082 4189 quod
1095 4106 1246 4186 habebat,
1261 4108 1361 4173 semel

406 4216 439 4273 et
459 4210 555 4272 simul
575 4208 724 4291 perdidit.
770 4209 813 4272 In
828 4229 1001 4291 pauperem
1020 4208 1130 4292 itaque
1149 4230 1302 4292 rogamus
1320 4218 1359 4275 ut

405 4312 576 4396 respiciant
600 4312 684 4375 oculi
710 4312 816 4389 vestri,
842 4318 875 4374 et
898 4312 1042 4376 vinctum
1067 4312 1107 4375 de
1130 4332 1257 4377 caruere
1281 4313 1359 4378 edu·
