3225 5192
230 660 368 720 '·r.n.
389 619 586 739 ulra-61]
638 674 1125 719 uunnroanrnrvsrssrrsrona.
1194 660 1273 719 145*

297 798 330 857 et
343 792 432 856 velut
448 792 582 884 antiqua
596 786 677 855 mihi
694 792 812 871 studia,
827 792 963 856 notabili
978 792 1117 881 quadam
1132 793 1251 856 mentis

296 895 424 958 levitate
450 893 611 978 respicio?
654 892 774 958 Absint
803 894 867 957 ista
890 894 977 957 hinc.
1022 894 1066 957 In
1089 895 1191 977 patris
1216 901 1250 958 ct

166 1075 172 1083 ⁵
296 996 419 1060 domini
438 996 563 1080 suspiro
578 996 725 1079 gratiam,
741 994 782 1061 ob
798 996 879 1059 mihi
897 996 1167 1060 reconciliandam
1180 1018 1249 1060 car-

296 1100 374 1163 tulae
397 1099 582 1163 continuavi
602 1100 670 1184 jam
696 1099 866 1179 cartulam,
890 1099 952 1164 etsi
974 1100 1070 1183 plena
1089 1099 1248 1183 dignitate

296 1202 440 1266 currenti
468 1202 577 1267 minus
606 1201 704 1284 digne
733 1201 965 1285 responderim,
991 1222 1067 1267 cum
1093 1202 1247 1287 cyathum

295 1303 403 1389 phiala
417 1304 584 1387 popinanti
598 1304 804 1387 porrexerim.

334 1606 553 1671 EPISTOLA
580 1606 778 1673 axla-sn
795 1627 1008 1671 wrrarnumr
1024 1626 1068 1670 nn
1086 1607 1210 1671 arssr'.

299 1773 453 1837 Gilbertrrs
477 1774 539 1837 Dei
556 1776 666 1858 pratia
686 1774 936 1856 Herp‘crdicnric
958 1776 1115 1855 epiecopus
1137 1773 1247 1837 dilecto
1364 1839 1373 1856 ‚

329 1872 433 1955 fratri
451 1877 602 1940 Wzllclmo
624 1878 663 1941 de
683 1877 801 1955 frear,
818 1882 996 1941 mnaeerctc
1014 1876 1148 1939 Domino
1170 1878 1245 1938 tiro-

338 1978 430 2055 cinia,
447 1980 534 2043 beato
542 1986 760 2063 pomerum
766 1978 834 2062 fine
848 1980 1036 2043 comludcre.

336 2131 484 2198 Aunrms
504 2154 574 2216 quae
593 2134 678 2197 circa
700 2139 733 2197 te
755 2140 833 2198 sunt
852 2132 990 2197 exultavi
1011 2137 1100 2197 totus
1120 2132 1156 2195 in
1179 2132 1245 2197 Do-

295 2236 391 2315 mino,
406 2235 456 2299 illi
469 2237 647 2319 gratiarum
666 2236 806 2302 referens
828 2237 997 2315 actionem,
1013 2236 1069 2320 qui
1090 2236 1245 2300 meritum

243 2423 250 2433 Ι
296 2359 390 2403 omne
411 2340 618 2425 praeveniens,
634 2339 811 2422 gratiarum
831 2338 896 2402 suis
915 2338 1000 2403 dona
1018 2338 1160 2422 benigne
1182 2338 1246 2402 dis-

294 2441 419 2506 tribuit.
456 2442 580 2507 Audita
593 2449 704 2508 tamen
718 2444 898 2507 mutatione
912 2451 981 2508 tam
996 2442 1113 2521 subita,
1128 2442 1246 2526 paulis·

294 2565 351 2629 per
376 2544 537 2629 obstupui,
563 2566 727 2629 quousque
755 2566 901 2611 reversus
926 2545 968 2609 ad
993 2566 1048 2609 cor
1069 2544 1152 2608 illud
1180 2564 1246 2628 prae

295 2648 394 2721 ocutis
408 2649 517 2729 habui,
533 2650 620 2733 quod
633 2650 784 2715 velociter
798 2650 899 2714 currit
914 2669 1019 2713 sermo
1034 2646 1167 2714 Domini
1182 2667 1246 2731 quo

279 2741 372 2831 vult,
393 2758 426 2816 et
447 2752 547 2837 ipsius
565 2752 697 2817 dextera
715 2759 865 2837 potenter
884 2753 1037 2815 immutat
1052 2771 1147 2833 quem
1165 2749 1244 2813 vuit.

296 2856 359 2919 Hic
383 2855 426 2921 ad
446 2862 481 2921 tc
500 2878 605 2921 sermo
627 2856 730 2923 factus
753 2863 812 2935 cst,
831 2856 900 2920 haee
923 2863 956 2920 te
980 2854 1112 2919 dextera
1134 2874 1246 2936 appre-

295 2956 417 3036 hendit,
428 2958 481 3023 hic
495 2958 557 3023 tibi
571 2979 675 3023 sermo
690 2960 869 3037 consilium,
880 2958 950 3023 haee
961 2979 1077 3021 manus
1092 2955 1246 3019 auxilium

294 3060 497 3140 ministravit,
512 3061 565 3124 hic
579 3062 660 3125 velle
679 3060 803 3125 bonum
825 3061 974 3127 formavit
996 3060 1032 3122 in
1050 3066 1095 3138 te,
1114 3059 1183 3123 haec
1205 3059 1247 3124 ad

294 3164 444 3231 effaetum
473 3164 577 3248 operis
599 3164 707 3248 ipsum
731 3165 813 3229 velle
840 3164 1000 3248 perduxit.
1048 3161 1113 3227 Hic
1142 3183 1247 3226 sermo

294 3286 356 3331 eor·
376 3274 469 3331 tuum
499 3274 638 3351 tangens
668 3267 792 3331 ooelitus
818 3275 852 3331 et
880 3267 1076 3345 illuminans,
1103 3265 1189 3350 quod
1211 3266 1249 3332 ira

254 3449 258 3457 1
294 3370 407 3453 spiritu
421 3370 544 3434 consilii
558 3390 759 3453 conceperas,
774 3377 925 3455 potenter
938 3370 974 3433 in
989 3370 1105 3453 spiritu
1118 3369 1245 3433 fortitu-

294 3472 377 3537 dinis
402 3472 573 3537 roboravit.
621 3472 743 3539 Hicin
769 3472 911 3536 tenebris
934 3472 1050 3535 latenti
1078 3471 1139 3535 tibi
1162 3472 1247 3536 viam

295 3596 358 3657 qua
372 3574 572 3658 progrederis
587 3574 739 3653 ostendit,
755 3574 825 3638 haec
839 3582 874 3638 tc
888 3574 1008 3657 pariter
1019 3595 1083 3657 quo
1098 3573 1247 3638 ostendat
1346 3599 1353 3610 ·

294 3675 354 3740 tibi
376 3677 515 3741 salutare
530 3677 592 3741 Dei
607 3678 676 3762 jam
700 3676 843 3741 deduxit.
888 3678 1015 3741 Intueri
1036 3676 1117 3740 mihi
1139 3677 1248 3741 videor
1276 3684 1285 3701 “
1338 3752 1345 3763 .

294 3779 383 3843 illum
401 3782 531 3863 superni
546 3780 658 3845 seribae
677 3782 847 3859 calamum,
863 3780 967 3845 cordis
982 3782 1031 3844 tui
1046 3780 1173 3845 tabulas
1193 3802 1246 3845 ex·
1311 3778 1318 3791 '

263 3882 270 3891 '
294 3889 449 3961 arantem,
462 3890 494 3946 et
506 3884 707 3948 vocationem
721 3905 786 3968 qua
800 3904 937 3967 sponsas
948 3892 981 3947 et
992 3904 1109 3967 sponsa
1123 3881 1246 3961 dieunt,

295 3981 419 4061 ‘Veni’
436 3985 555 4049 eisdem
570 3986 697 4051 fortiter
711 3986 960 4071 imprimentem,
973 3994 1133 4070 quamam
1141 3986 1246 4065 audio,

294 4108 360 4151 non
380 4095 417 4152 tu
436 4088 536 4153 frater
550 4089 668 4174 tepide,
683 4110 751 4153 non
771 4090 913 4174 segniter
927 4089 1102 4167 advertisti,
1121 4088 1189 4163 sed,
1200 4088 1247 4151 di·

294 4190 367 4255 lecti
390 4192 549 4275 pulsantis
572 4193 613 4256 ad
638 4192 766 4272 ostium,
785 4215 896 4258 vocem
916 4194 1092 4278 prudenter
1115 4190 1247 4254 audiens

295 4298 328 4356 et
341 4291 536 4377 intelligens,
552 4302 589 4359 ut
609 4296 684 4361 ostii
703 4296 753 4361 tui
774 4296 936 4380 pessulum
958 4296 1020 4382 ipsi
1042 4293 1152 4359 statim
1174 4313 1249 4375 ape
1319 4285 1326 4298 '

759 4420 778 4463 ι
