3225 5192
293 720 301 735 ,
426 653 491 716 336
744 644 902 716 osrissnsr
917 670 1132 718 serecorr'
1257 661 1263 670 '

428 811 564 854 aeonum
587 809 709 867 revoco,
731 809 837 874 quem,
857 789 886 856 si
904 787 1027 858 diutius
1049 811 1173 856 moram
1194 791 1319 870 fecerit,
1341 791 1382 855 de

426 893 532 957 medio
554 892 701 957 subtrahi
723 893 923 976 pertimesco,
944 900 978 956 te
1003 893 1073 977 ejus
1097 915 1197 959 onera
1219 879 1386 960 sustinere

426 1017 554 1060 necesse
570 1003 629 1074 cst,
641 1017 713 1081 quse
728 997 839 1060 statim
854 1016 929 1059 cum
940 997 1073 1076 venerit,
1086 998 1221 1081 juvante
1236 993 1379 1062 Domino
1447 980 1453 991 ¹

424 1098 643 1181 levigabimus.
684 1097 800 1162 Valere
815 1107 849 1161 te
864 1107 898 1162 et
912 1099 1107 1163 omnimodis
1121 1102 1276 1184 prolicere
1298 1092 1397 1165 desii

426 1201 586 1282 duramus,
601 1201 773 1266 carissime.

505 1519 725 1584 EPISTOLA
747 1519 986 1582 ccxlii-sn
1003 1540 1031 1582 s.
1050 1541 1298 1582 srvsssnrsssrs

800 1642 1000 1686 srrscosorr.

426 1773 465 1834 P.
481 1773 542 1835 Dei
559 1773 666 1854 pratia
687 1773 872 1835 Niversensi
891 1773 1031 1854 episcwu
1041 1772 1152 1853 frater
1169 1775 1207 1836 G.
1223 1773 1379 1837 Loadm·

469 1877 550 1938 ensis
571 1877 703 1938 ecclesio
725 1877 875 1953 minister,
892 1878 922 1938 si
943 1898 1004 1940 uon
1026 1897 1202 1958 espresmm
1224 1878 1379 1956 schedula,

469 1986 645 2060 conceptum
660 1986 762 2044 lamen
777 1980 869 2042 corde
877 1981 942 2061 pioe
956 1981 1155 2043 salutationis
1169 1981 1324 2063 affectans

469 2129 520 2192 Ex
549 2129 706 2194 relatione
736 2129 846 2194 dilecti
874 2129 984 2194 fratris
1010 2129 1215 2196 Ebroiccnsis
1240 2131 1380 2218 episcopi

425 2251 647 2314 acceperamus
672 2253 732 2315 ego
754 2239 787 2296 et
810 2233 961 2297 dominus
985 2233 1235 2298 saresberiensis
1259 2235 1379 2319 cpisco-

424 2355 494 2418 pus,
514 2333 665 2400 abbatem
688 2335 970 2400 Pontiniacensem
991 2338 1026 2400 in
1047 2337 1188 2402 Galliam
1209 2359 1378 2402 remeasse.
1415 2417 1421 2430 .

425 2437 600 2520 Cupientes
624 2438 733 2523 itaque
762 2438 797 2502 in
827 2437 920 2503 nobis
949 2439 1117 2524 adimpleri
1146 2440 1314 2523 negotium
1338 2441 1379 2504 de

426 2541 627 2606 absolutione
651 2551 771 2620 nostra,
796 2542 885 2606 vobis
909 2552 942 2607 et
966 2544 1119 2627 praedicto
1144 2542 1252 2608 abbati
1277 2565 1297 2607 a
1323 2543 1379 2608 do·

426 2644 516 2709 mino
535 2665 617 2728 pspa
637 2645 854 2723 commissum,
869 2666 945 2708 cum
964 2646 1171 2710 festinatione
1193 2646 1234 2709 ad
1257 2668 1312 2710 vos
1332 2647 1378 2712 ls-

426 2747 520 2816 bores
549 2748 784 2831 arripueramus
814 2749 948 2827 itineris,
971 2751 1170 2834 jamjamque
1197 2750 1379 2814 Cenoman-

426 2872 505 2914 num
537 2851 798 2934 propinquantes,
822 2847 933 2916 festini
962 2853 1065 2916 nostri
1091 2875 1110 2916 a
1135 2853 1267 2916 domino
1296 2875 1380 2937 papa

425 2954 533 3018 reditu
562 2955 700 3018 revocati
730 2976 851 3032 sumus,
882 2955 1046 3019 afferentis
1083 2957 1152 3039 ejus
1188 2957 1378 3040 rescriptum

326 3106 333 3118 .
425 3057 594 3121 continens
612 3057 703 3121 vobis
724 3064 756 3120 et
777 3057 909 3121 domino
929 3058 1114 3122 Belvscensi
1129 3058 1278 3142 episcopo
1293 3060 1378 3123 solli-

425 3161 601 3225 citudinem
617 3160 828 3225 absolutionis
843 3169 962 3225 nostrae
976 3183 1045 3226 esse
1060 3163 1252 3247 injunctam.
1292 3163 1380 3229 Quia

425 3264 525 3348 igitur
547 3284 691 3348 personae
713 3263 801 3329 vobis
823 3264 986 3350 adjunmse
1005 3266 1143 3330 mutatio
1157 3273 1301 3330 vestrum
1316 3267 1376 3331 im·

426 3367 544 3432 mutari
558 3367 710 3454 poscebpt
725 3368 905 3446 consilium,
920 3368 1136 3434 incontinenti
1152 3371 1287 3435 nuntios
1304 3391 1378 3434 nos-

425 3479 492 3535 tros
529 3470 571 3534 ad
606 3471 796 3553 praedictum
826 3470 1010 3555 episcopum
1039 3471 1224 3552 direximus,
1253 3473 1379 3538 domini

424 3595 515 3658 papae
544 3573 747 3656 rescriptum·
764 3575 794 3637 ei
822 3574 1014 3654 deferentes,
1038 3582 1072 3640 et
1098 3576 1185 3641 diem
1210 3585 1244 3641 et
1269 3577 1377 3641 locum

425 3676 517 3740 nobis
533 3675 737 3758 designatum
752 3686 772 3740 ta
787 3676 875 3741 vobis
890 3679 1089 3744 intimantes.
1136 3680 1201 3744 Sed
1222 3681 1376 3764 quonism

425 3799 516 3846 ussus
531 3777 657 3842 fortuiti
678 3781 732 3863 qui
752 3781 911 3864 provideri
931 3790 1108 3866 nequeunt,
1124 3783 1377 3867 diligentissimis

424 3883 523 3948 etiam
542 3882 657 3966 saepius
677 3883 896 3963 adversantur,
911 3887 1026 3955 incerti
1041 3886 1098 3952 ubi
1113 3894 1171 3950 aut
1186 3889 1324 3970 qualiter
1343 3911 1378 3952 se

344 3978 354 3998 ⁰
423 3985 548 4052 liabens
573 3987 745 4070 praedictus
771 3987 955 4052 inveniatur
981 3990 1158 4073 episcopus,
1183 3989 1376 4055 benevolen-

425 4090 479 4156 tiae
504 4097 617 4155 vestrse
646 4091 699 4154 cui
728 4090 762 4154 in
792 4091 902 4155 multis
931 4101 1083 4156 tenemur
1107 4092 1238 4157 obnoxii
1267 4115 1376 4177 preces

423 4194 597 4273 affectuose
619 4193 822 4286 porrigimus,
842 4202 881 4258 ut
902 4196 1041 4261 duorum
1061 4197 1110 4260 vel
1129 4197 1230 4260 trium
1250 4197 1376 4261 dierum

340 4355 346 4365 .
424 4296 528 4381 spatio
556 4297 641 4361 ultra
667 4317 763 4380 quem
793 4298 827 4360 in
856 4299 1020 4382 proposito
1045 4299 1212 4380 habuistis,
1239 4301 1376 4364 Senonis
