3225 5192
238 720 305 763 sm.
322 699 521 783 nee-de]
572 720 782 765 osocrsrnrs
798 721 977 767 srrsronm.
1146 710 1188 770 77

236 835 346 915 cando,
362 835 403 900 ab
424 856 463 899 eo
483 836 539 918 qui
559 835 652 901 solvit
672 836 869 920 compeditos
888 839 1026 921 gratiam
1041 838 1187 905 obtinea-

234 939 285 1018 tis,
301 944 334 1004 et
352 960 416 1017 me,
432 937 459 1002 si
480 939 559 1022 quid
577 960 717 1024 possum,
740 941 853 1024 gratiae
871 941 1049 1007 debitorem
1068 942 1187 1007 habea·

235 1042 286 1107 tis.
316 1041 442 1107 Valete.

295 1351 516 1416 EPIS'POLA
538 1350 720 1415 LIX.-sn
737 1371 945 1416 osnrasnusr
962 1372 1117 1416 raroasss

614 1475 807 1519 wrsronrn.

238 1607 274 1670 G.
289 1607 350 1669 Dei
365 1608 474 1690 pretio
491 1606 586 1669 abbas
604 1607 793 1685 obsessae,
809 1606 976 1669 venerabili
996 1606 1111 1669 άοηιὶιιὶ
1130 1627 1185 1670 sao

276 1716 306 1773 et
320 1712 417 1774 amico
433 1711 602 1788 amieriam,
621 1708 775 1793 Gerasa-ido
791 1711 897 1791 priori
916 1710 1086 1789 Wiatoaioe,
1101 1712 1185 1774 sulu-

276 1819 336 1877 tem
351 1819 381 1876 et
395 1813 596 1877 dilectionem.

277 1964 432 2029 Gusrrss
447 1964 681 2029 benevolentia
695 1971 809 2030 vestrae
822 1964 927 2029 habeo
940 1964 1060 2029 referre
1074 1965 1184 2031 multi·

232 2067 354 2146 modas,
370 2067 446 2151 quia
459 2068 587 2153 parenti
600 2088 674 2133 meo
689 2069 819 2152 Rogero
834 2068 939 2133 Foliot
952 2068 1095 2152 benigne
1109 2067 1185 2133 sub-

169 2191 172 2199 ·
232 2170 373 2250 venistis,
389 2178 423 2236 et
437 2170 473 2235 in
487 2170 735 2236 necessitatibus
751 2171 817 2236 suis
832 2170 894 2235 sibi
907 2171 1063 2236 benevole
1079 2170 1183 2255 provi·

234 2274 335 2339 distis.
367 2274 433 2339 Sed
448 2276 523 2359 quia
536 2276 623 2341 inter
638 2276 757 2341 amicos
771 2275 1010 2361 praeteritorum
1024 2274 1185 2340 bonorum

232 2376 395 2456 exhibitio,
420 2386 509 2442 certa
537 2386 586 2442 est
611 2379 796 2443 futurorum
820 2379 1009 2462 expretatio,
1032 2399 1185 2463 rogamus

232 2487 269 2544 ut
290 2501 358 2545 non
377 2488 520 2565 tepeseat
538 2482 653 2546 caritas
671 2490 787 2562 vestra,
803 2482 957 2566 quatinus
976 2482 1038 2546 hoe
1058 2503 1079 2546 a
1096 2479 1185 2546 vobis

234 2583 389 2648 deserviat
424 2584 592 2649 humilitas
620 2592 743 2649 nostra.
803 2586 969 2668 Rogamus
997 2584 1118 2667 itaque,
1147 2590 1186 2649 ut

232 2686 316 2770 apnd
338 2686 507 2751 dominum
521 2687 783 2752 wintoniensem
796 2709 855 2770 pro
870 2687 940 2770 ipso
953 2684 1186 2763 interveniatis,

232 2789 383 2873 quatinus
398 2810 473 2853 eum
489 2789 529 2854 de
543 2811 669 2854 earcere
684 2791 777 2855 educi
791 2790 899 2869 faciat,
919 2795 952 2853 et
975 2787 1017 2852 ad
1038 2788 1184 2870 redemp-

231 2892 352 2955 tionem
373 2892 462 2956 mitti
483 2892 656 2976 praecipiat.
701 2891 924 2976 Ignominiose
947 2891 1034 2955 enim
1054 2896 1185 2954 tenetur

230 2992 264 3056 in
289 3015 425 3073 earcere,
453 3002 485 3059 et
513 2996 582 3079 jam
613 3000 756 3060 extrema
784 2995 921 3059 afflictus
950 3000 1001 3058 est
1029 2998 1182 3077 egestate.

232 3096 327 3161 Unde
348 3118 461 3181 precor
482 3098 609 3177 obnixe,
625 3104 662 3162 ut
684 3098 835 3183 praeaenti
848 3098 980 3181 negotio
994 3093 1182 3172 intendatis,

232 3198 382 3282 quatinus
403 3198 430 3263 si
451 3200 528 3283 quid
546 3222 725 3284 possumus,
741 3221 801 3264 nos
822 3199 934 3284 gratiae
951 3198 1111 3263 debitores
1125 3196 1182 3261 ba·

231 3301 341 3366 beatis.
372 3301 497 3367 Valete.

274 3558 496 3625 EPISTOLA
518 3558 681 3623 Lib-sn
706 3603 912 3622 .......
937 3576 1136 3621 rrlscoruss.

272 3717 436 3782 Larsros
452 3738 524 3780 sum
538 3716 574 3779 in
588 3715 724 3800 hisquae
735 3714 823 3779 dicta
837 3721 915 3779 sunt
929 3714 1010 3777 mibi
1027 3734 1132 3797 nuper
1142 3714 1184 3778 de

230 3826 262 3884 te
275 3820 363 3885 lama
377 3820 564 3904 divulgante
579 3819 724 3903 cognovi.
768 3818 878 3883 Audio
899 3818 1068 3902 praesulem
1083 3818 1183 3902 digna

229 3924 364 4007 praesnle
378 3923 544 4008 cogitasse,
560 3929 594 3986 et
608 3920 729 3987 illieitae
742 3920 986 4006 praesumptioni
1000 3920 1181 3985 sanofitatis

231 4025 335 4090 animo
354 4025 520 4090 restitisse.
566 4026 627 4090 nst
649 4024 823 4108 aliquando
843 4022 987 4112 prolecta
1008 4023 1180 4101 sententia,

229 4133 267 4190 ut
280 4127 340 4192 sub
355 4128 517 4193 tributum
532 4126 652 4191 Christi
667 4148 784 4211 sponsa
797 4125 973 4207 redigatur.
1018 4124 1082 4188 Sed
1096 4125 1132 4187 in
1147 4130 1181 4187 te

229 4250 305 4294 eura
325 4229 494 4314 pastoralis
516 4229 654 4313 evigilat,
670 4236 709 4295 ut
724 4228 811 4313 quod
825 4228 934 4293 animo
948 4231 1181 4313 presumptum

229 4340 287 4413 eat,
301 4354 507 4417 nequaquam
522 4353 617 4418 opere
632 4333 839 4417 compleatur.
877 4332 1007 4414 Argius,
1022 4328 1180 4407 obsecras,
