3225 5192
309 740 374 784 au.
395 716 591 805 1148-61.]
637 737 917 783 scaurorumusrs
931 739 1107 784 erroreum.
1201 718 1259 785 lol

310 856 387 919 Post
409 855 494 918 diem
516 874 591 918 vero
615 854 780 934 Willehni,
802 854 905 920 libera
927 856 970 920 sit
998 856 1136 921 facultas
1165 879 1260 923 cano·

310 958 381 1023 nieo
410 966 531 1035 nostro,
555 957 748 1040 quicumque
777 966 858 1022 tunc
889 958 997 1038 fuerit,
1021 981 1118 1043 super
1146 962 1259 1027 eadem

310 1061 440 1125 ecclesia
462 1061 671 1145 disponendo,
687 1070 725 1126 ut
747 1083 819 1125 eam
838 1063 886 1125 vel
909 1063 978 1146 ipse
1000 1071 1120 1142 teneat,
1135 1064 1186 1129 vel
1207 1064 1261 1129 eui

309 1165 446 1229 voluerit
461 1164 607 1247 ampliori
622 1164 775 1247 pensione
790 1166 956 1229 concedat.
1002 1166 1099 1232 Quod
1116 1168 1193 1250 quis
1206 1169 1259 1232 fir-

309 1288 396 1331 mum
413 1268 702 1350 inconvulsumque
717 1267 938 1346 discernimus,
953 1290 1015 1351 ego
1032 1277 1066 1333 et
1082 1272 1259 1354 capitulum

309 1376 455 1433 nostrum
481 1370 631 1453 praesenti
658 1370 775 1453 scripto
800 1379 845 1448 et,
867 1372 1045 1455 sigillorum
1074 1380 1259 1438 nostrorum

309 1474 509 1557 appositione
524 1475 707 1538 firmamus:
730 1473 882 1538 'festibus
904 1522 912 1537 .
938 1522 946 1538 .
971 1522 979 1538 .
1003 1522 1013 1539 .

619 1578 753 1661 (Cutem
767 1577 902 1662 obsum.)

334 1809 555 1875 EPISTOLA
577 1810 927 1876 CXXIII.-1sosnarr
944 1830 1136 1875 usanrouu.
1153 1832 1237 1876 cers.

682 1935 728 1979 sn
745 1935 890 1978 nossem.

309 2046 440 2111 Dilectis
461 2049 494 2111 io
519 2050 641 2112 Christo
657 2047 820 2130 frutribus
840 2043 991 2113 meanis
1011 2055 1127 2112 sancto
1149 2050 1261 2113 metris

351 2152 483 2213 ecclesie
497 2150 588 2231 filiis,
604 2152 644 2215 R.
662 2152 912 2234 Hercsordieasia
932 2153 994 2215 Dei
1014 2155 1122 2234 pratia
1144 2153 1259 2235 episco-

346 2274 417 2334 pua,
432 2255 599 2317 Dominum
613 2262 776 2337 aspectare
790 2257 931 2333 sollicite,
947 2262 978 2318 ct
995 2258 1165 2319 serietatem
1183 2276 1259 2338 pre-

351 2358 489 2421 tulorrtcr
503 2360 655 2439 amplecti

352 2494 446 2559 Qum
474 2494 640 2559 ecelesiam
670 2494 732 2559 Dei
755 2496 930 2579 regendam
956 2496 1050 2559 etin
1076 2497 1184 2581 aliqua
1210 2499 1261 2563 sui
1369 2549 1378 2575 ,

310 2599 456 2682 portione
478 2598 777 2679 administrandam,
793 2601 936 2665 Domino
954 2601 1175 2683 permittente,
1190 2623 1260 2665 sus·

310 2704 461 2787 cepimus,
474 2702 543 2787 ejus
559 2702 780 2767 commoditati
792 2702 898 2785 quoad
913 2723 1083 2785 possumus
1094 2702 1261 2767 consulere

310 2814 342 2871 et
371 2806 535 2890 providere
565 2805 687 2870 credita
711 2803 804 2870 uobis
831 2804 1071 2889 dispensatione
1096 2804 1260 2869 debemus.

310 2908 407 2975 Quod
429 2910 477 2973 ita
498 2916 585 2973 recte
612 2908 681 2973 fieri
707 2908 912 2987 arbitramur,
936 2908 963 2971 si
994 2908 1158 2972 confracta
1187 2908 1260 2973 soli-

311 3013 417 3078 dando
439 3021 473 3078 et
495 3034 566 3096 quoe
589 3012 742 3094 dissipata
763 3010 898 3075 suntin
920 3032 1035 3094 corpus
1056 3032 1160 3074 unum
1177 3010 1260 3075 redi·

311 3116 424 3200 gendo,
440 3124 508 3179 tam
525 3113 743 3179 incolumitati
758 3114 828 3197 ejus
843 3136 941 3196 quam
955 3113 1139 3198 ampliando
1154 3112 1262 3179 divino

310 3220 413 3284 cultui
428 3216 647 3282 studuerimus
662 3216 828 3281 deservire.
865 3217 1028 3283 Quoniam
1042 3215 1144 3300 igitur
1158 3217 1261 3281 omni·

309 3322 370 3387 bus
387 3321 440 3405 pie
457 3319 663 3385 credentibus
683 3319 891 3384 manifestum
911 3319 1059 3398 habetur,
1074 3340 1136 3383 nec
1155 3319 1261 3383 forum

309 3424 458 3507 religioni
479 3423 660 3501 convenire,
683 3443 743 3486 nec
765 3422 943 3500 castellum,
965 3422 1021 3507 qui
1042 3421 1206 3490 tumultus
1227 3431 1262 3486 ct

310 3526 508 3609 sanguinum
524 3525 613 3589 locus
633 3532 692 3602 est,
709 3522 918 3587 servientium
937 3522 1079 3588 Domino
1097 3522 1168 3606 paci
1185 3543 1263 3587 con·
1282 3573 1287 3582 .

310 3652 435 3714 gruere,
468 3629 631 3694 ecclesiam
662 3628 750 3693 beati
780 3628 868 3694 Petri
897 3627 933 3692 in
962 3627 1032 3691 foro
1063 3625 1263 3691 Herefordiae

309 3735 414 3812 sitam,
436 3740 469 3797 et
494 3732 660 3797 ecclesiam
683 3731 786 3796 sancti
814 3730 969 3795 Guthlaci
990 3732 1079 3795 iutra
1102 3728 1262 3793 ambitum

310 3836 432 3901 castelli
452 3835 539 3899 illius
554 3836 738 3918 importune
753 3834 900 3916 positam,
916 3842 950 3897 et
965 3854 1077 3897 omues
1091 3831 1262 3915 possessio·

310 3958 367 4002 nes
382 3945 415 4001 et
430 3936 595 4021 parochias
614 3943 647 4001 et
665 3935 839 4021 dignitates
858 3957 980 4013 earum,
995 3937 1031 3999 in
1050 3935 1147 3999 unius
1162 3935 1262 3999 eecle-

311 4041 365 4105 siae
380 4061 495 4123 corpus
509 4040 701 4123 redegimus,
718 4048 751 4103 et
772 4060 844 4103 eam
860 4040 1026 4103 ecclesiam
1045 4039 1262 4121 apostolorum
1380 4041 1387 4054 '

312 4142 399 4207 Petri
415 4150 448 4205 et
463 4142 567 4221 Pauli,
583 4150 616 4205 et
636 4140 739 4205 sancti
754 4140 918 4220 Guthlaci,
934 4162 1031 4224 quam
1046 4149 1138 4204 extra
1151 4139 1261 4203 eivita-

311 4251 377 4309 tem
397 4245 500 4328 ipsum
519 4244 555 4309 in
576 4244 646 4309 loco
665 4243 814 4327 religioni
832 4244 996 4329 aptissimo
1017 4241 1167 4308 aedificari
1183 4240 1262 4305 feci·

313 4370 394 4429 mus,
406 4349 448 4413 ad
463 4348 667 4414 serviendum
679 4347 820 4413 Domino
834 4350 871 4412 in
885 4353 1078 4431 perpetuum
1092 4342 1264 4427 episcopali

392 4470 398 4481 ·
770 4471 794 4513 n
