3225 5192
263 702 332 747 am.
350 628 552 767 iul-'seq
596 646 1041 751 manuninusrsensnonn.
1154 690 1217 753 201
1269 644 1306 766 ,ο
1371 664 1426 742 ·”.

263 825 482 895 natuturam
497 824 919 910 estpeuignotospopuloe
934 835 969 892 et
987 842 1090 915 regna
1108 830 1219 913 incog-
1268 806 1294 875 ἶ
1324 853 1333 868 ·
1396 827 1416 844 “’

262 928 336 997 nite
350 929 541 1013 jamdictam
560 929 684 995 deferre
701 931 885 1017 pecuniam
904 932 969 996 nisi
988 938 1148 1016 quatenus
1167 955 1217 999 re-
1347 1007 1357 1033 ι

263 1033 409 1099 verentia
435 1033 524 1117 pacis
553 1040 585 1098 et
613 1034 827 1118 protectionis
849 1033 972 1102 domini
1000 1036 1105 1103 nostri
1131 1037 1224 1123 regis
1359 1033 1364 1044 '

264 1136 447 1221 Anglorum
470 1138 616 1204 nosamr
642 1134 779 1205 dilatari.
822 1136 905 1202 Non
928 1141 1055 1205 nostros
1079 1138 1115 1207 ‘m
1145 1140 1217 1220 hoe,
1244 1201 1252 1225 ,

263 1246 348 1304 teste
377 1238 573 1305 conscientia
607 1240 771 1324 loquimar
796 1240 932 1320 labores,
962 1248 1022 1309 aut
1049 1261 1220 1307 causamur

265 1364 430 1427 expensas,
447 1343 505 1409 sed
518 1343 710 1428 ipsarerum
724 1344 868 1429 pericula
881 1342 1100 1411 formidamus.
1135 1343 1219 1410 Inde
1277 1351 1282 1362 '

266 1452 316 1512 est
338 1447 425 1530 quod
445 1454 559 1513 restra
581 1447 798 1532 supplicamus
818 1448 993 1529 sanctitati,
1008 1456 1047 1514 ut
1063 1451 1170 1529 vestri,
1191 1451 1219 1514 si
1341 1458 1349 1472 ⁶

264 1551 381 1633 placet,
396 1550 506 1615 nuntii
520 1551 647 1615 circiter
661 1550 812 1617 calendas
822 1552 984 1631 Octobris,
999 1554 1118 1618 nostris
1132 1540 1219 1637 apud
1363 1613 1371 1625 ,

267 1655 486 1738 Rotomagum
503 1654 628 1719 nuntiis
648 1662 830 1735 occurrant,
845 1657 902 1740 qui
923 1664 980 1722 aut
1002 1655 1143 1723 delatam
1162 1674 1222 1742 per
1329 1731 1344 1752 ⁰

266 1778 326 1821 nos
345 1756 422 1821 illuc
439 1757 610 1841 pemmiarn
631 1758 673 1822 ad
693 1779 747 1822 vos
766 1780 879 1842 usque,
895 1781 970 1823 cnm
984 1780 1023 1824 ea
1039 1782 1102 1844 qna
1114 1762 1224 1844 proris
1256 1835 1262 1848 Ι

267 1858 385 1924 debitis
405 1860 576 1925 securitate
596 1860 819 1945 perferendam
834 1862 1019 1945 suscipiant,
1035 1872 1093 1927 aut
1107 1885 1219 1928 curam
1319 1872 1324 1879 '
1355 1847 1368 1869 ⁸

266 1962 369 2046 ipsam
389 1963 485 2027 alicui
503 1963 648 2028 fidelium
668 1970 848 2029 vestrorum
868 1973 965 2049 prout
986 1974 1093 2047 vestra
1111 1967 1224 2032 decen·
1309 1945 1341 2002 ·’

267 2073 325 2131 uet
339 2066 524 2146 auotoritas,
538 2066 758 2150 exequendam
772 2066 958 2153 injungant.

452 2385 674 2450 EPISTOLA
696 2385 875 2450 ObL-an
890 2406 1046 2452 urrunnu.

271 2536 365 2599 Patri
378 2556 433 2600 arco
448 2543 478 2600 et
493 2538 614 2601 domiuo
629 2515 746 2601 miramo
754 2536 899 2619 pontifici
915 2539 955 2602 Α.
962 2536 1072 2619 frater
1085 2540 1122 2602 G.
1138 2538 1220 2601 Lou-

314 2640 467 2703 doniensic
495 2643 629 2705 ecclesie
658 2642 807 2721 minister,
834 2640 969 2705 debitum
994 2641 1167 2705 dilectionis
1191 2647 1222 2705 et

313 2742 490 2807 obedientie
495 2742 696 2825 famulatum.

316 2893 424 2960 Quum
440 2915 480 2957 ex
494 2894 601 2973 vestri,
618 2894 758 2973 domiue,
778 2894 885 2959 forma
903 2893 1051 2959 mandati
1069 2892 1224 2977 magistro

272 2996 431 3061 Matthaeo
452 2996 586 3061 illustris
604 2996 787 3080 Anglorum
808 2997 895 3081 regis
916 2997 1116 3077 cancellario,
1136 2996 1223 3061 diem

273 3094 422 3160 advenas
443 3097 483 3161 R.
499 3096 638 3181 priorem
658 3097 953 3181 Monem[ntensis]
976 3118 1073 3181 super
1091 3095 1226 3161 ecelesia

273 3198 313 3264 de
334 3200 508 3283 Iangaran
531 3202 765 3282 statuissemus,
787 3202 857 3285 ipse
877 3201 991 3267 eodem
1012 3201 1065 3265 die
1087 3201 1123 3263 in
1144 3220 1224 3285 prae-
1276 3287 1281 3297 ι

274 3302 378 3369 sentia
391 3312 497 3369 vestra
511 3304 662 3371 adversus
677 3304 872 3389 jamdictum
891 3306 1031 3389 priorem
1048 3304 1223 3388 experiens,
1362 3376 1371 3395 ι

274 3406 439 3471 eeclesiam
460 3408 530 3493 jam
554 3408 673 3473 dictam
697 3430 772 3473 eum
796 3408 964 3494 adjacente
989 3407 1051 3471 sibi
1075 3407 1229 3492 parochia

273 3509 393 3594 injuste
414 3510 475 3575 sibi
496 3510 537 3576 ab
558 3510 628 3597 ipso
648 3511 787 3576 detineri
809 3518 1003 3597 conquestus
1024 3515 1084 3575 est.
1128 3512 1224 3575 Asse-

274 3634 348 3678 rens
368 3614 504 3679 eandem
518 3614 685 3681 eeclesiam
700 3636 775 3681 cum
789 3622 860 3680 tota
874 3636 933 3679 sua
946 3615 1097 3699 parochia
1114 3613 1155 3678 ad
1170 3616 1225 3700 jus

275 3718 416 3783 eeclesiae
430 3740 496 3783 suae
511 3717 551 3783 de
567 3719 740 3803 Laugarau
758 3719 929 3803 pertinere,
944 3718 1112 3803 ipsamque
1125 3719 1225 3784 eecle-

275 3822 355 3885 siam
376 3821 417 3887 de
439 3822 613 3906 Laugaran
631 3822 715 3887 hanc
736 3820 776 3886 de
796 3844 860 3907 qua
878 3821 996 3905 agitur,
1017 3823 1123 3887 multo
1144 3828 1226 3887 tem·

273 3945 351 4007 pore
365 3924 551 4008 possedisse,
566 3946 627 3991 nec
641 3946 713 3991 eam
727 3925 930 4009 aliquatenus
940 3925 1073 4010 judicio,
1088 3926 1145 3990 sed
1159 3926 1228 3991 sola
1357 4003 1362 4019 Ι

275 4028 422 4094 Monem’
438 4028 578 4094 ecclesiae
591 4028 747 4093 violentia
764 4028 919 4093 amisisse
963 4028 1061 4095 Quod
1079 4050 1153 4094 cum
1173 4049 1227 4093 oo-

275 4151 346 4196 ram
359 4132 472 4216 positis
486 4132 624 4198 testibus
638 4118 774 4216 probare
787 4140 920 4218 pastas
934 4140 1028 4213 esset,
1048 4132 1135 4217 prior
1153 4131 1227 4196 ilico

276 4234 496 4319 exceptionem
508 4236 570 4301 sibi
580 4236 829 4321 peremptoriam
840 4236 995 4321 objiciens
1005 4233 1181 4319 respondit,
1193 4255 1227 4297 se

276 4359 372 4423 super
387 4338 499 4404 eadem
514 4340 647 4405 eeclesia
664 4340 700 4405 in
714 4346 827 4406 nostra
837 4338 1031 4424 jamdudum
1046 4337 1227 4421 prasentia,
