3225 5192
389 688 452 753 106
699 709 859 752 crunnum
876 710 1026 753 rrrscorr

386 826 453 889 rale
468 824 674 909 stipendium,
690 833 723 890 et
739 824 847 889 subito
860 826 965 889 faetus
979 824 1082 908 inops,
1100 833 1222 909 quanta
1241 828 1341 891 animi

386 930 559 993 serenitate
575 930 737 1008 decantas,
753 930 825 1013 Ego
838 950 914 993 vero
928 950 1050 1013 egenus
1069 938 1103 994 et
1122 951 1244 1013 pauper
1258 951 1341 994 snm.

386 1032 545 1096 Dominus
561 1032 677 1115 adjuva
690 1054 751 1096 me.
792 1032 963 1096 Davidicos
978 1033 1117 1117 hymnos
1132 1032 1340 1098 decantamus

386 1141 418 1198 et
433 1156 501 1217 nos,
519 1136 574 1198 sed
590 1157 661 1218 quar
676 1135 822 1199 canimus
842 1143 880 1198 tu
899 1135 979 1217 legis
998 1136 1035 1198 in
1054 1143 1097 1214 te,
1113 1142 1147 1199 et
1165 1136 1341 1201 laudabilia

385 1245 570 1303 sanctorum
597 1260 669 1321 qnae
693 1239 877 1302 extollimus
903 1259 1031 1302 sacrum
1056 1244 1091 1302 ct
1114 1238 1339 1302 elucubratum

384 1341 512 1424 plenius
540 1348 606 1405 tuae
635 1341 696 1405 tibi
721 1342 873 1404 volumen
898 1341 1103 1404 conscientie
1127 1348 1338 1423 representat.

386 1444 541 1509 Percurre
560 1445 698 1528 psalmos
707 1470 717 1523 5
740 1458 892 1509 resonent
912 1444 952 1508 ab
973 1465 1028 1508 ore
1047 1450 1105 1508 tuo
1124 1445 1181 1508 ills
1200 1445 1339 1528 Spiritus

387 1552 499 1615 Sancti
524 1552 621 1635 plena
642 1551 806 1615 suavitatis
828 1552 1064 1629 instrumenta3
1089 1550 1175 1634 quod
1197 1551 1338 1634 pietatis,

386 1655 471 1738 quod
488 1655 635 1738 justiciae,
652 1654 738 1738 quod
757 1654 966 1733 fortitudinis,
984 1654 1021 1717 in
1039 1655 1090 1735 his
1107 1654 1269 1718 landabile
1284 1654 1338 1718 de-

385 1764 544 1835 cantatur,
564 1764 669 1821 totum
690 1757 788 1821 habes
810 1757 846 1820 in
867 1764 911 1821 te.
956 1757 1043 1821 Vere
1065 1757 1178 1821 beatus
1199 1756 1338 1841 pbiloso-

384 1861 476 1942 phus‚
494 1860 548 1943 qni
563 1867 622 1924 tus
635 1860 681 1924 ibi
695 1859 781 1923 bona
795 1860 967 1938 collocasti,
982 1860 1071 1925 unde
1090 1882 1128 1924 ea
1146 1881 1207 1924 nec
1221 1882 1338 1924 manns

385 1962 468 2027 avidi
486 1962 623 2045 raptoris
643 1962 767 2045 eripiat.
813 1963 834 2025 J
836 1984 889 2025 am
904 1962 1027 2026 dudum
1041 1963 1077 2025 in
1091 1962 1207 2026 scholis
1226 1962 1336 2046 positi,

384 2066 424 2130 de
452 2073 641 2151 paupertate
671 2066 802 2151 spiritus
832 2065 947 2129 diversi
976 2066 1115 2129 adversis
1145 2066 1336 2129 audivimus.

384 2169 458 2231 Jam
477 2190 566 2233 nunc
584 2169 654 2252 ipss
673 2168 734 2232 tibi
754 2168 794 2232 de
813 2170 994 2252 propinquo
1011 2168 1204 2252 respondeat
1223 2176 1338 2252 utpote

384 2292 456 2355 quae
470 2279 577 2335 tecum
592 2279 658 2336 tuae
673 2272 786 2335 domus
801 2272 902 2335 limen
917 2293 1045 2354 egressa
1059 2278 1118 2350 est,
1129 2279 1164 2336 te
1174 2272 1209 2335 in
1219 2272 1338 2336 itinere

384 2374 539 2438 comitata·
551 2374 591 2439 de
604 2374 697 2458 regni
717 2374 871 2439 coelorum
890 2374 1100 2457 promissione
1114 2373 1246 2439 uberius
1261 2396 1337 2438 eon·

384 2478 517 2541 sulatur.
551 2478 638 2541 Nam
654 2478 848 2562 quantulum
863 2484 913 2541 est
928 2478 1015 2561 quod
1029 2478 1238 2541 obtractant?
1261 2499 1336 2561 apo-

384 2582 532 2645 stolicum
553 2581 634 2645 illud
657 2587 842 2665 opponunt:
867 2581 982 2645 Omnis
997 2581 1105 2646 anima
1122 2582 1337 2665 potestatibus

385 2686 623 2751 sublimioribus
635 2687 764 2751 subdita
776 2687 828 2765 sit,
839 2694 872 2749 et
882 2686 937 2769 qui
947 2686 1100 2769 potestati
1110 2686 1240 2764 resistit,
1253 2686 1335 2750 ordi-

382 2790 506 2855 nationi
516 2790 579 2854 Dei
587 2791 716 2855 resistit.
735 2792 861 2855 Verum
870 2790 1000 2873 quidem
1009 2790 1071 2854 hoc
1080 2797 1138 2854 est.
1164 2790 1227 2854 Sed
1237 2788 1336 2853 habet

384 2894 533 2957 secularis
553 2900 694 2976 potestas
708 2893 815 2975 legem
830 2914 894 2975 qua
907 2898 1067 2972 teneatur,
1083 2892 1181 2956 habet
1197 2900 1336 2958 statutos

383 2996 537 3059 terminos
551 2996 638 3059 intra
653 3016 731 3077 quos
746 2996 807 3078 ipsi
822 2994 1000 3058 obediatur.
1044 2995 1173 3060 Scilicet
1188 2996 1215 3059 si
1229 2996 1336 3079 legem

382 3097 562 3173 servaverit,
583 3097 611 3159 si
632 3095 786 3159 mandata
800 3098 998 3173 custodierit,
1014 3097 1040 3159 si
1061 3099 1098 3160 in
1119 3098 1229 3162 Deum
1246 3099 1337 3163 nulla

382 3200 482 3263 animi
500 3198 682 3262 temeritate
701 3200 949 3281 praesumpserit.
995 3200 1092 3263 Quod
1111 3202 1138 3263 si
1157 3201 1194 3263 in
1216 3203 1335 3265 summi

379 3301 464 3383 regis
487 3300 638 3384 injurium
659 3300 866 3385 impudenter
887 3302 1080 3368 excesserit?
1124 3302 1203 3366 Non
1227 3310 1336 3387 potest

381 3405 448 3487 ejus
468 3404 517 3468 uti
537 3404 711 3487 privilegio,
725 3405 820 3488 eujus
831 3404 906 3487 jura
920 3404 1109 3468 contemnit.
1156 3404 1231 3469 Jam
1247 3406 1334 3489 quod

377 3508 540 3591 reliquum
562 3515 612 3571 est
636 3507 722 3572 eirca
742 3502 923 3591 prudentiae
942 3506 1204 3591 discretionisque
1225 3516 1333 3592 partes

380 3610 544 3675 insudant.
589 3610 694 3674 Aiunt
710 3610 838 3676 discreti
856 3610 916 3673 viri
935 3632 1013 3689 esse,
1034 3610 1071 3673 in
1090 3610 1190 3693 culpis
1210 3610 1333 3674 levibus

379 3734 446 3777 non
461 3719 530 3777 toto
546 3713 614 3777 zelo
629 3712 770 3777 accendi.
810 3712 928 3775 Virum
942 3712 970 3775 si
983 3711 1144 3795 profunde
1157 3715 1331 3795 peccetur?

378 3823 468 3880 totus
489 3816 594 3879 fervor
614 3815 805 3879 inardescat.
851 3814 931 3878 Ideo
945 3814 1047 3878 levem
1063 3799 1217 3898 principis
1231 3816 1332 3880 offen·

379 3941 448 3983 sam
463 3918 503 3982 de
518 3918 603 3982 muri
623 3918 761 4001 quadam
780 3924 872 4000 parte
890 3916 1000 3981 diruta
1017 3917 1116 3982 fuisse
1135 3918 1247 3982 mitius
1261 3919 1330 3983 vin-

379 4022 557 4086 dicandam.
612 4022 682 4085 Ista
706 4022 816 4104 pulcre
845 4029 1093 4105 componuntur.
1151 4022 1216 4085 Sed
1238 4022 1332 4107 juxta

379 4126 568 4209 sapientiam
593 4124 648 4207 qui
672 4124 809 4188 minima
833 4125 1014 4189 contemnit
1039 4124 1194 4208 paulatim
1221 4126 1331 4189 atteri·

378 4236 442 4290 tur.
488 4225 613 4290 Omitto
628 4225 776 4308 prosequi
792 4232 914 4309 quanta
933 4227 975 4289 sit
994 4225 1138 4289 indurati
1153 4226 1257 4290 cordis
1273 4249 1329 4290 sn-

378 4330 477 4408 dacia,
493 4329 563 4393 loca
577 4334 688 4393 sancta
702 4349 769 4391 non
784 4329 889 4392 solum
903 4328 1109 4412 vilipendere,
1121 4329 1178 4393 sed
1191 4337 1327 4395 vastare.
