3225 5192
365 686 428 746 100
602 701 763 744 caussari
782 700 902 744 roalor
917 699 1062 741 sassrrs

365 818 411 881 sic
436 816 547 880 omnia
576 816 717 879 sanasti:
749 814 807 877 hos
837 813 964 878 evasisti
994 813 1135 895 laqueos,
1160 812 1216 876 sed
1242 812 1320 875 alios

364 919 508 984 fortassis
530 919 684 983 incurres.
729 916 802 981 Tibi
824 917 910 1000 regis
931 916 1114 1000 objectatur
1135 915 1258 995 electio,
1280 924 1319 979 ut

368 1032 403 1087 te
422 1023 496 1108 jure
518 1022 652 1105 repellat
675 1020 817 1099 ecclesia,
841 1021 934 1104 cujus
954 1018 1107 1082 instituta
1129 1019 1265 1102 despicis
1287 1026 1320 1083 et

367 1132 568 1191 sacramenta
582 1124 772 1189 contemnis.
786 1144 789 1151 ’
813 1122 877 1187 Sed
892 1122 1041 1205 nunquid
1055 1122 1097 1186 ad
1108 1123 1270 1207 justitiam
1284 1128 1318 1187 te

367 1234 569 1293 sacramenta
586 1227 786 1311 perducent?
833 1226 932 1290 Sacra
947 1246 1021 1289 suos
1035 1233 1210 1309 operentur
1224 1226 1318 1289 effec-

366 1340 429 1395 tus.
478 1330 688 1394 sanctificent
702 1350 761 1393 nos
781 1329 888 1413 potius
903 1349 1001 1411 quam
1016 1350 1036 1391 a
1049 1329 1212 1413 proposito
1227 1348 1317 1391 sanc-

367 1433 470 1497 titatis
487 1438 644 1497 avertant.
688 1433 758 1496 Nos
778 1432 886 1515 potius
902 1429 1076 1494 mundatos
1098 1438 1229 1514 peccato
1247 1432 1316 1514 jus-

367 1536 492 1601 tificent
514 1556 611 1619 quam
637 1534 772 1599 crimine
797 1534 949 1612 irretitos,
975 1533 1125 1596 manibus
1150 1533 1259 1616 ligatis
1284 1541 1317 1597 et

369 1639 514 1723 pedibus,
531 1640 566 1702 in
581 1639 708 1702 inferna
723 1638 922 1720 demergant.
959 1636 1049 1701 Male
1064 1636 1104 1700 de
1119 1644 1320 1701 auctomento

370 1743 585 1827 praesumitur,
596 1742 623 1805 si
633 1741 804 1826 peripsum
815 1762 882 1805 non
893 1741 1021 1804 laxatur
1029 1740 1132 1824 culpa,
1145 1739 1201 1803 sed
1209 1747 1318 1804 reatus

370 1851 515 1928 augetur.
560 1844 682 1908 Nostro
697 1843 827 1928 quidem
843 1842 966 1926 judicio
979 1842 1062 1906 nibil
1076 1843 1110 1906 in
1125 1842 1175 1905 his
1190 1850 1240 1906 est
1255 1864 1319 1925 quo

370 1956 403 2013 te
414 1949 501 2032 juste
515 1953 641 2031 premat
656 1946 797 2023 ecclesia,
811 1946 838 2009 si
852 1967 983 2010 cansam
996 1953 1108 2010 tamen
1123 1946 1208 2009 hanc
1218 1944 1319 2029 judex

370 2047 535 2131 equilibris
550 2046 720 2111 examinet.
752 2046 828 2111 Nisi
842 2046 869 2109 si
882 2046 965 2109 forte
979 2046 1097 2110 rubore
1111 2044 1318 2122 suffunditur,

370 2150 456 2233 quod
476 2149 506 2213 ei
519 2149 604 2212 viam
628 2170 691 2232 qua
712 2150 758 2213 ire
777 2154 932 2233 oporteat,
948 2149 1039 2232 quasi
1058 2149 1193 2234 proevius
1212 2156 1319 2213 osten-

373 2252 458 2317 disti.
504 2252 587 2316 Volo
602 2259 713 2317 tamen
727 2253 877 2318 attendas
892 2254 969 2337 quid
988 2254 1025 2318 in
1044 2261 1136 2338 parte
1155 2254 1217 2319 hac
1231 2254 1320 2318 aradi-

371 2356 452 2420 erim
481 2356 704 2422 vehementius
730 2358 919 2441 jaculatum.
963 2357 1042 2421 Non
1072 2357 1129 2420 diu
1156 2366 1206 2421 est
1235 2359 1322 2441 quod

372 2459 491 2524 audisti
525 2459 693 2524 dominum
727 2481 843 2544 papam
873 2460 1104 2525 Innocentium
1133 2482 1321 2525 convocasse

374 2562 540 2627 eeclesiam
565 2570 598 2627 et
622 2564 734 2627 Romae
756 2571 953 2628 conventum
978 2563 1136 2627 celebrem
1161 2564 1321 2629 habuisse.

374 2666 500 2748 Magno
523 2665 570 2729 illi
593 2666 767 2730 couventui
790 2688 865 2730 cum
891 2665 1023 2731 domino
1043 2674 1074 2730 et
1098 2675 1189 2750 patre
1211 2675 1323 2732 nostro

373 2768 504 2833 domino
527 2769 643 2834 abbate
663 2770 879 2847 Cluniacensi,
901 2770 1035 2834 interfui
1057 2778 1090 2835 et
1111 2792 1173 2853 ego
1192 2772 1322 2834 Clunia-

374 2873 519 2937 censium
534 2874 697 2937 minimus.
721 2874 773 2936 Ibi
788 2894 886 2937 causa
898 2873 967 2937 haec
982 2874 1017 2937 in
1031 2874 1174 2938 medium
1186 2875 1325 2938 deducta

374 2982 433 3053 est,
453 2982 485 3038 et
505 2975 692 3057 aliquandiu
711 2976 875 3039 ventilata.
922 2975 1037 3039 Stabat
1057 2976 1097 3039 ab
1120 2978 1323 3060 imperatrice

377 3075 525 3139 dominus
543 3076 785 3157 Andagavensis
806 3078 982 3160 episcopus,
998 3079 1053 3159 qui
1074 3100 1173 3160 quum
1194 3102 1324 3144 causam

376 3178 445 3259 ejus
475 3176 622 3259 diligenti
657 3178 864 3259 percurrisset
893 3180 1047 3257 oratione,
1078 3187 1191 3243 contra
1219 3182 1325 3264 ipsum

378 3280 468 3363 quasi
484 3278 542 3343 sub
554 3300 629 3343 voce
643 3282 802 3363 praeconia
815 3282 852 3344 in
866 3284 1031 3346 communi
1042 3283 1207 3349 audientia
1221 3286 1326 3351 decla-

376 3392 502 3448 matum
528 3390 586 3447 est.
633 3385 676 3449 Et
706 3385 779 3467 quia
810 3386 960 3450 dominus
989 3388 1231 3472 Andagavensis
1262 3391 1326 3455 duo

376 3487 550 3552 inducebat
584 3488 752 3573 praecipue,
783 3492 838 3573 jus
871 3490 992 3556 seilicet
1021 3491 1262 3557 haereditarium
1292 3501 1325 3557 et

375 3590 499 3654 factum
521 3591 715 3674 imperatrici
734 3592 967 3675 juramentum,
983 3604 1096 3659 contra
1116 3595 1185 3659 haec
1204 3596 1268 3659 duo
1288 3597 1325 3658 in

377 3693 446 3758 haec
459 3693 553 3758 verba
566 3715 754 3778 responsum
767 3704 826 3760 est.
849 3696 986 3780 Oportet
1000 3698 1036 3762 in
1050 3698 1154 3762 causis
1165 3698 1324 3777 omnibus,

378 3816 449 3879 quae
469 3796 639 3891 multiplici
655 3798 729 3880 jure
747 3799 908 3878 nituntur,
923 3800 984 3865 hoc
999 3801 1199 3865 considerare
1216 3802 1325 3885 praeci-

379 3922 452 3985 puo,
467 3902 545 3985 quid
563 3903 606 3966 sit
625 3904 679 3987 jus
700 3903 874 3989 principale
891 3906 926 3970 in
946 3927 1052 3986 causa,
1069 3928 1133 3989 quo
1147 3929 1243 3971 causa
1258 3908 1327 3991 ipsa

379 4004 598 4089 principaliter
612 4005 773 4085 innititur,
790 4007 877 4090 quod
890 4030 963 4072 vero
983 4010 1210 4073 secundarium
1231 4009 1273 4073 sit
1293 4016 1326 4073 et

380 4108 514 4193 abipso
539 4110 707 4194 principali
733 4111 928 4195 dependens.
975 4114 1110 4178 Sublato
1140 4114 1227 4177 enim
1253 4115 1327 4198 jure

380 4210 557 4297 principali,
583 4212 761 4277 necessario
787 4212 913 4291 tollitur
942 4221 974 4277 et
1005 4214 1241 4279 secundarium.
1286 4216 1328 4278 In

380 4313 440 4377 hac
455 4313 555 4397 igitur
570 4336 666 4379 causa
682 4314 856 4398 principale
875 4324 934 4394 cst,
951 4316 1036 4399 quod
1057 4318 1205 4381 dominus
1219 4318 1329 4382 Ande·
