3225 5192
276 675 343 722 nn.
361 655 558 740 1139-4s.]
609 677 823 724 snocrsrmn
837 680 1017 728 rrrsronn.
1186 671 1227 732 11

273 797 367 880 lupos
392 795 480 860 intrs
503 793 642 879 parietes
667 798 812 881 ejusdem
835 799 978 866 ecclesise
1000 801 1036 866 in
1060 801 1132 886 ipso
1154 802 1230 868 ovili

274 897 409 964 Domini
423 897 599 976 latitantes,
615 903 648 962 et
661 898 697 962 in
712 917 841 984 gregem
853 902 988 968 Domini
1002 903 1179 988 simplicem
1194 913 1229 971 et

273 1001 451 1066 innocuum
464 1001 635 1081 lenientes,
651 1002 744 1066 aliter
757 1003 864 1088 fugari
885 1026 953 1068 nou
967 1028 1070 1091 posse,
1085 1029 1184 1091 quem
1198 1009 1227 1072 si

273 1104 379 1169 bonus
393 1110 502 1188 pastor
517 1104 689 1170 adveniens
709 1127 763 1172 eos
777 1108 888 1173 sonitu
901 1109 1047 1175 buccine
1061 1117 1093 1175 et
1106 1112 1230 1176 lsbstu

274 1229 392 1272 csnnm
410 1213 539 1286 terreat,
556 1207 687 1292 dissipet
706 1216 739 1274 et
759 1211 932 1295 disperdet.
979 1213 1103 1279 Hortor
1116 1216 1227 1298 itaque

272 1311 502 1395 paternitatem
521 1318 659 1376 vestram
681 1314 878 1380 consulendo
896 1315 987 1381 vobis
1008 1316 1142 1383 cnritste
1164 1340 1229 1402 qus

274 1416 384 1496 debeo,
399 1423 437 1481 nt
459 1438 534 1482 cum
553 1417 790 1482 honestioribus
808 1427 842 1484 et
856 1420 1084 1486 eruditioribus
1106 1423 1228 1488 clericis

273 1523 387 1586 vestris
408 1523 516 1586 locum
536 1521 651 1604 flagitii
673 1522 867 1588 festinanter
881 1525 1014 1603 adestis,
1029 1532 1063 1590 et
1082 1529 1228 1591 commis-

275 1645 345 1688 sum
364 1624 453 1689 vobis
475 1625 641 1690 ecclesiam
666 1625 771 1708 primo
793 1626 927 1710 pnrgari
947 1627 1064 1692 deinde
1086 1629 1228 1693 redinte-

208 1733 210 1738 “
273 1728 360 1811 grnri
384 1728 519 1792 faciatis.
563 1727 628 1792 Vel
657 1729 684 1792 si
709 1729 923 1794 monitionem
945 1737 1085 1795 vestrum
1110 1747 1255 1796 menus‘

274 1829 429 1914 sacrilege
441 1831 550 1894 minus
565 1829 709 1911 auderet,
724 1839 847 1896 setores
865 1840 898 1897 et
913 1833 1076 1917 adjutores
1097 1833 1226 1899 sceleris

272 1933 448 1998 scientibus
466 1941 499 1997 et
518 1933 701 1998 videntibus
720 1933 796 2019 ipsis
815 1935 921 2018 glndio
939 1936 1072 2000 Domini
1091 1936 1226 2016 ferietis,

272 2043 312 2100 nt
327 2035 404 2100 dnm
421 2035 457 2100 in
473 2036 584 2102 futuro
601 2036 737 2101 concilio
754 2036 979 2122 hujuscemodi
996 2039 1226 2104 tractabuntur

273 2160 428 2218 excessus,
450 2139 555 2204 honor
576 2139 619 2205 sit
640 2139 730 2206 vobis
752 2161 860 2206 corum
879 2140 975 2205 simul
995 2141 1225 2206 discumbenti-

270 2243 331 2308 bus
345 2243 530 2327 opposuisse
543 2265 598 2308 vos
612 2264 744 2308 murum
757 2265 816 2326 pro
831 2244 927 2308 domo
946 2245 1056 2324 Israel,
1071 2252 1105 2310 et
1118 2245 1225 2310 illutus

272 2347 334 2412 sibi
362 2347 574 2412 contumelias
607 2347 762 2433 repulisse
790 2348 923 2413 viriliter
951 2355 1009 2414 eut
1037 2347 1224 2414 vindicasse.

272 2451 364 2517 Vale.

373 2667 597 2735 EPISTOLA
617 2670 751 2735 V.-sn
767 2689 982 2734 cnnrsrrsnsr
997 2689 1126 2734 renen.

271 2860 368 2923 Pasa·
386 2877 441 2924 cuo
463 2865 495 2924 et
508 2860 654 2938 Doem‘no,
670 2859 794 2924 Summo
809 2861 871 2922 Dei
883 2859 993 2942 pratia
1007 2855 1151 2942 pontifici
1168 2859 1222 2922 Ce-

315 2965 433 3042 latino,
455 2962 567 3045 frater
593 2965 632 3026 G.
659 2963 792 3028 ecclesio
819 2963 902 3025 beuti
930 2962 1021 3024 Petn·
1046 2961 1224 3024 Glocestrioe

314 3069 416 3132 dictus
429 3069 532 3148 abbas,
549 3073 646 3132 totum
660 3067 743 3150 quod
755 3066 931 3132 obedientie
945 3071 975 3129 et
990 3063 1125 3146 obsequii
1138 3065 1223 3128 colet

313 3174 438 3237 herilis
452 3179 483 3237 et
491 3178 641 3255 prerepto
656 3171 785 3236 devotio

313 3379 456 3443 Drnrnrs
478 3379 606 3444 enimus
626 3379 663 3443 in
682 3377 833 3444 omnibns
846 3376 951 3442 verbis
972 3376 1048 3455 suis,
1064 3375 1120 3460 qui
1137 3374 1225 3458 quod

271 3483 412 3548 ecclesie
431 3483 622 3567 repromisit,
643 3483 841 3548 incessanter
855 3481 981 3565 operari
1001 3501 1069 3544 non
1087 3478 1205 3542 desinit
1213 3503 1224 3556 ;

271 3584 339 3670 ipse
361 3586 404 3651 sd
422 3585 647 3650 stabiliendum
670 3586 769 3650 fidem
791 3591 826 3650 ct
846 3582 1101 3649 confirmandam
1121 3601 1221 3664 spem,

269 3689 416 3774 promisit
431 3709 465 3753 se
479 3709 579 3772 usque
593 3688 636 3753 ed
650 3687 961 3753 consummationem
971 3685 1070 3749 seculi
1081 3683 1224 3747 ecclesiae

270 3813 339 3857 non
354 3792 472 3872 deesse,
488 3797 521 3856 et
532 3793 627 3876 juxte
640 3791 774 3856 verbum
792 3812 888 3854 suum
903 3787 1072 3853 nobiscum
1086 3805 1223 3850 monens

270 3896 306 3958 in
329 3896 445 3976 secnls,
461 3901 591 3959 sendus
610 3895 646 3959 in
669 3915 765 3979 opere
785 3901 819 3958 et
836 3892 992 3979 promisso
1011 3911 1108 3953 verax
1129 3887 1225 3951 indu-

269 3998 375 4063 bitata
388 3998 451 4062 fide
471 3998 666 4082 agnoscitur.
710 3997 826 4082 Nuper
840 3997 964 4061 snimos
984 3992 1132 4059 omnium
1149 4011 1224 4053 nos-

270 4108 359 4166 trum
388 4099 537 4166 nubilosa
566 4101 669 4184 caligo
701 4099 891 4165 confuderat
921 4105 955 4163 et
984 4097 1026 4162 sd
1057 4097 1225 4161 decessum

271 4205 406 4270 Domini
425 4211 458 4270 et
477 4205 582 4270 Patris
601 4205 703 4270 nostri
720 4203 919 4270 honorundae
936 4201 1100 4268 memorioe
1122 4198 1225 4261 Inno-

271 4309 369 4377 centii
382 4310 512 4394 fugeret
534 4309 670 4376 dilectus
692 4331 712 4373 s
733 4309 826 4375 nobis
848 4329 944 4393 super
958 4311 1086 4372 montes
1106 4298 1225 4366 Betbel
