3225 5192
291 689 360 732 mn.
380 668 578 750 nol-ou]
629 686 870 732 nonnorrnrssrs
885 686 1064 730 erreromn.
1186 669 1252 730 859

337 1080 559 1146 EPISTOLA
582 1079 852 1145 ccum-in
874 1100 1037 1143 suerrum
1057 1099 1200 1142 nruvsn·

700 1203 845 1246 nnrsnu.

407 1359 558 1422 Dominus
572 1359 795 1423 Modoot'enss‘s
809 1358 916 1423 abbati
930 1357 1125 1421 Rimallemi.

337 1524 484 1591 Qutu‘ro
498 1531 603 1590 vestm
625 1525 802 1610 domusque
820 1533 934 1590 vestrm
953 1526 1040 1590 fumo
1058 1524 1251 1609 predicatur

292 1627 434 1708 hilarior,
450 1635 544 1694 tento
559 1630 661 1713 magis
677 1629 766 1694 vobis
781 1628 1015 1696 observandum
1031 1635 1091 1707 est,
1107 1636 1145 1695 ut
1163 1627 1250 1711 quod

293 1732 473 1796 eommunis
495 1733 594 1798 habet
620 1734 739 1818 opinio,
764 1734 886 1798 nullius
906 1734 1046 1798 fratrum
1071 1738 1250 1796 vestrorum

292 1834 426 1900 oonsilio
447 1834 635 1918 denigretur
654 1841 711 1902 eut
730 1833 826 1900 sueto.
872 1837 1126 1919 Conqueruntur
1149 1835 1249 1918 pluri-

293 1957 385 2002 mum
406 1938 465 2002 filii
487 1937 682 2004 Brictbmeri
705 1937 744 2003 de
764 1939 925 2018 Tantone,
942 1938 1067 2002 dudum
1086 1937 1195 2002 fratris
1216 1944 1250 2002 et

294 2039 508 2106 benefactoris
523 2042 632 2122 vestri,
648 2041 735 2126 qnod
753 2064 914 2107 summam
934 2063 1087 2125 magnam
1106 2041 1251 2126 pecunie

294 2144 452 2228 patrisne
473 2143 626 2225 debitam,
643 2145 704 2210 sibi
727 2164 824 2230 super
837 2146 899 2210 boo
914 2146 984 2230 jem
1004 2167 1088 2229 ssepe
1102 2144 1250 2228 requisiti

293 2247 427 2312 reddere
456 2249 687 2328 contradicitis,
714 2269 774 2314 nee
799 2249 901 2330 patris
931 2249 982 2314 sui
1007 2249 1131 2313 meritis
1157 2250 1251 2333 juxte

294 2349 380 2434 quod
397 2357 536 2416 vestram
556 2353 683 2416 deceret
704 2352 904 2435 religionem,
923 2373 1018 2436 opere
1037 2352 1249 2436 respondetis.

295 2452 362 2517 Qui
384 2473 480 2534 super
495 2453 555 2517 boe
575 2474 595 2516 e
616 2453 747 2518 domino
768 2475 846 2536 rege
864 2455 992 2537 jamdiu
1012 2454 1123 2518 literas
1137 2454 1250 2519 advos
1284 2459 1288 2464 “

294 2555 500 2638 expetissent,
520 2555 585 2618 nisi
603 2555 644 2619 ob
665 2563 804 2620 vestram
826 2555 1005 2639 domusque
1027 2563 1142 2622 vestrae
1163 2577 1250 2622 reve-

294 2657 444 2735 rentiam,
470 2664 582 2722 nostrs
611 2679 665 2722 eos
690 2658 873 2722 sollicitudo
898 2658 1103 2723 retardasset.
1153 2659 1252 2724 Unde

295 2761 526 2826 benevolentiae
556 2769 670 2828 vestrae
699 2783 809 2847 preces
844 2762 1018 2827 affectuose
1045 2763 1251 2846 porrigimus,

296 2865 449 2947 quatinus
464 2887 572 2930 umore
586 2867 722 2950 justitiee
738 2872 922 2950 nostreque
936 2866 1103 2949 petitionis
1116 2867 1251 2945 intuitu,

296 2967 342 3032 eis
358 2975 415 3032 sut
431 2968 517 3052 quod
538 2970 704 3053 postulent
723 2970 813 3054 juste
827 2969 967 3047 solvetis,
982 2977 1040 3034 sut
1058 2971 1085 3033 si
1099 2977 1252 3053 repetunt

293 3069 486 3150 indebitum,
501 3071 562 3136 boo
577 3073 612 3136 in
623 3073 697 3155 jure
712 3071 885 3151 declarare,
901 3071 1036 3136 moleste
1050 3094 1092 3136 ne
1107 3072 1227 3137 feretis.

368 3385 590 3450 EPIS'POLA
612 3386 863 3452 ecurt-in
880 3409 908 3450 r.
925 3408 1177 3452 ssuunnnrsnsr

687 3510 862 3554 susurru.

298 3641 336 3702 G.
353 3639 418 3702 Dei
437 3641 545 3722 pratia
566 3641 788 3705 Londonienssb
811 3643 978 3723 episcopus,
1004 3641 1172 3706 emoliti
1197 3643 1256 3706 do.

338 3744 419 3806 mino
425 3742 588 3827 fratrique
602 3745 763 3810 carisomo
772 3747 809 3810 F.
818 3746 1010 3809 salmurensi
1025 3747 1131 3808 eodem
1141 3747 1251 3828 qratia

340 3846 454 3925 abbati,
469 3848 645 3917 salutemet
660 3849 787 3922 sionem
802 3850 947 3911 caritatis
962 3848 1115 3930 affectum.

341 3997 492 4077 Vnsrss,
505 3998 607 4063 frater
621 3997 794 4076 carissime,
810 3999 916 4062 mults
935 3999 1036 4062 enimi
1049 3999 1254 4082 benignitate

298 4101 474 4168 salutamus
497 4102 647 4190 auspiciu,
675 4109 825 4186 optantes
847 4101 1009 4167 laudabile
1032 4101 1114 4165 illud
1137 4109 1252 4166 vestroe

297 4203 508 4286 promotionis
533 4195 676 4283 initium,
702 4204 787 4270 felici
812 4225 939 4288 semper
962 4224 1060 4268 eursu
1089 4203 1194 4286 dirigi,
1220 4211 1253 4268 et

298 4309 437 4374 Domino
453 4330 587 4374 menum
603 4305 851 4376 misericorditer
865 4315 1057 4393 opponente,
1070 4308 1165 4372 beato
1181 4316 1252 4372 tan·
