3225 5192
422 674 487 735 220
734 692 894 735 omnum
913 692 1065 734 ursscorr

422 806 468 871 eis
479 807 649 890 quiequam
667 827 722 889 per
738 806 906 869 dominum
921 812 1068 869 nostrum
1080 826 1190 889 regem
1204 814 1262 871 aut
1276 808 1374 871 eomi-

422 915 498 987 tem,
522 916 579 971 aut
606 930 789 991 quenquam
816 928 948 971 suorum
974 916 1212 972 commutatum
1234 916 1293 986 est,
1317 916 1374 971 aut

422 1012 566 1089 allatum,
591 1017 648 1075 aut
674 1011 877 1094 aliquatenus
900 1016 939 1073 ut
964 1017 1122 1087 asserunt,
1151 1010 1372 1074 imminutum.

422 1114 545 1178 Verum
560 1113 646 1197 quod
667 1114 708 1177 ad
727 1112 951 1197 possessiones,
966 1112 1000 1175 in
1017 1132 1056 1175 eo
1070 1112 1130 1176 sibi
1145 1119 1235 1176 statu
1249 1134 1372 1197 perma-

421 1225 502 1282 nent
517 1218 675 1294 universa,
686 1238 750 1301 quo
759 1224 937 1280 vestrorum
949 1213 1120 1279 exstabant
1135 1224 1281 1299 tempore
1294 1238 1373 1299 pre·

422 1320 634 1399 decessorum,
654 1341 728 1384 cum
749 1320 892 1403 ipsorum
914 1318 1106 1383 auctoritate
1126 1318 1213 1382 iuter
1234 1318 1318 1403 ipsos
1340 1327 1373 1382 et

422 1424 622 1487 Willelmum
645 1423 685 1487 de
700 1423 789 1486 Vsus
812 1422 852 1485 lis
875 1421 930 1484 diu
952 1428 1115 1504 protracta
1136 1421 1240 1504 sopita
1260 1430 1319 1499 est,
1340 1430 1373 1485 et

421 1527 515 1591 finita
529 1525 753 1591 controversia.
798 1524 915 1588 Comes
929 1526 1039 1607 itaque
1053 1524 1195 1607 primum
1214 1545 1271 1607 per
1288 1546 1372 1588 nun-

421 1630 493 1707 tios,
517 1627 633 1693 deinde
657 1648 714 1711 per
737 1648 780 1703 se,
804 1647 937 1709 precum
961 1648 1101 1709 arguens
1123 1626 1308 1706 falsitatem,
1331 1628 1374 1691 ad

421 1742 559 1798 vestram
575 1732 744 1816 appellavit
764 1731 973 1809 audientiam,
988 1738 1177 1805 ostensurus
1194 1739 1234 1795 ut
1250 1732 1372 1809 asserit,

422 1858 456 1901 se
471 1858 531 1901 nee
545 1836 759 1920 possessiones
779 1855 890 1919 eorum
911 1856 994 1899 ausu
1012 1842 1051 1899 nt
1071 1835 1184 1900 dieunt
1203 1838 1373 1901 temerario

419 1962 601 2024 occupasse,
617 1960 677 2003 neo
691 1939 798 2003 locum
814 1960 910 2003 suum
925 1946 982 2003 aut
996 1938 1115 2019 villam,
1130 1947 1187 2003 aut
1202 1940 1373 2025 quiequam

421 2044 506 2126 quod
532 2064 644 2107 eorum
668 2042 719 2121 sit,
745 2042 998 2107 commutatione
1024 2063 1096 2126 quae
1125 2063 1192 2106 non
1220 2045 1373 2127 processit

421 2146 597 2211 obtinuisse
616 2166 677 2209 nec
697 2145 806 2210 datam
826 2146 863 2208 in
882 2166 917 2209 se
936 2146 1133 2210 sententiam
1151 2168 1250 2229 quam
1269 2148 1374 2211 multa

420 2248 602 2312 humilitate
617 2248 756 2311 sustinet
770 2256 804 2311 et
819 2248 984 2331 patientia,
1004 2250 1227 2331 promeruisse.
1273 2253 1372 2316 Porro

420 2350 627 2434 appellationi
647 2372 713 2414 suae
732 2351 910 2415 terminum
930 2351 1016 2415 diem
1035 2354 1241 2417 Ascemionis
1260 2354 1371 2419 Domi-

420 2455 501 2517 nicae
516 2454 739 2532 constituissit
754 2453 830 2537 quia
844 2454 909 2517 sive
924 2454 1067 2537 cognitio
1081 2477 1147 2520 sure
1161 2476 1267 2521 causae
1280 2480 1372 2521 man-

421 2556 516 2621 detur
530 2556 686 2634 executio,
708 2576 839 2639 precum
859 2577 984 2639 semper
1004 2558 1154 2622 convenit
1174 2560 1267 2643 argui
1285 2560 1372 2625 falsi-

421 2668 533 2737 tatem,
558 2658 625 2737 has,
649 2660 871 2743 appellationis
890 2680 957 2723 sose
978 2667 1088 2739 testes,
1108 2683 1128 2725 a
1147 2662 1241 2726 nobis
1264 2663 1372 2727 literas

419 2763 613 2847 impetravit.
649 2762 723 2827 Qua
736 2762 770 2826 in
785 2783 831 2841 re,
847 2782 890 2825 ne
903 2783 961 2846 per
974 2763 1192 2846 ignorantiam
1207 2765 1285 2829 facti
1299 2786 1372 2847 pars

421 2867 553 2931 adversa
578 2873 755 2950 caperetur,
780 2886 863 2948 saepe
890 2865 984 2929 dictis
1008 2866 1162 2930 fratribus
1188 2867 1228 2931 de
1254 2868 1371 2932 Pante-

420 2968 494 3031 neia
517 2976 550 3031 et
572 2968 709 3031 sormam
733 2973 767 3031 et
789 2986 919 3029 causam
943 2966 1037 3030 faetae
1059 2968 1292 3050 appellationis,
1314 2988 1372 3050 per

420 3070 528 3134 literas
552 3076 585 3133 et
605 3091 662 3153 per
679 3070 815 3134 nuntios
835 3068 945 3133 fideles
965 3069 1157 3133 denuntiare
1179 3070 1370 3136 omonimus.

419 3171 537 3235 Valere
560 3193 614 3235 vos
643 3179 792 3256 optamus
821 3172 857 3235 in
884 3172 1035 3250 Domino,
1062 3180 1155 3256 pater
1183 3173 1219 3235 in
1243 3172 1372 3237 Christo

420 3294 591 3337 carissime.
