3225 5192
237 710 302 754 no.
319 687 520 772 naa-48]
567 707 782 752 onocnsrarn
797 706 976 752 arrsronn.
1145 689 1186 753 31
1306 732 1309 738 ,

392 960 615 1028 EPISTOLA
637 959 862 1026 XVIH.—·sn
877 980 1033 1027 nouum

238 1115 329 1179 Patri
357 1134 412 1178 sao
442 1119 473 1176 et
496 1113 618 1176 domino
647 1131 763 1175 summo
784 1111 930 1194 pontifici
955 1111 996 1175 Ε.
1012 1110 1122 1194 frater
1149 1113 1188 1176 G.

281 1216 459 1280 Gbcatssae
473 1215 576 1279 dictus
589 1214 694 1294 obba,
704 1218 815 1279 eternae
828 1216 900 1280 uita
910 1213 1191 1300 gloriamsels‘citer

280 1319 425 1401 adipvbci.

279 1457 518 1535 Nrcnssrrarr,
542 1453 659 1519 dilecte
684 1459 777 1539 pater
800 1452 837 1517 in
865 1453 1017 1535 Domino,
1040 1454 1193 1520 reluctari

239 1581 305 1625 non
323 1581 503 1644 possumus,
520 1555 599 1642 quin
621 1556 759 1637 caritati,
776 1577 848 1641 quae
866 1556 961 1621 nobis
981 1557 1022 1621 de
1042 1557 1193 1622 fraternis

239 1663 386 1729 cordibus
404 1669 556 1748 potenter
573 1661 721 1746 imperat,
744 1659 952 1726 obediamus:
973 1660 1046 1728 haec
1058 1668 1108 1727 est
1122 1683 1194 1747 qua

239 1789 297 1831 nos
311 1765 414 1850 magis
430 1765 616 1830 delitescere
630 1763 807 1848 cupientes,
822 1762 972 1849 producit
984 1765 1021 1830 in
1037 1765 1192 1846 medium,

239 1869 340 1934 atad
363 1866 562 1932 audientiam
581 1873 720 1931 vestram
742 1865 796 1931 cui
819 1865 860 1930 ad
880 1888 1024 1951 praesens
1045 1868 1194 1933 assistere

176 2017 182 2026 -
240 1993 306 2037 non
329 1970 482 2049 valemus,
508 1969 652 2034 veritatis
675 1967 773 2034 verba
800 1969 980 2034 mittamus.
1033 1971 1123 2036 Hinc
1145 1977 1195 2036 cst

241 2073 326 2160 quod
340 2074 409 2138 viro
421 2073 541 2137 illustri
556 2078 590 2137 at
603 2071 741 2136 honesto
757 2071 996 2156 Scripturarunr
1012 2073 1110 2136 ctiam
1125 2079 1195 2137 tam

241 2177 422 2242 divinarum
447 2196 545 2259 quam
574 2173 775 2239 sacunino
798 2174 943 2258 apprime
971 2175 1099 2240 erudito
1126 2175 1195 2239 ma-

241 2280 340 2364 gistro
369 2277 491 2343 scilicet
520 2277 697 2342 Godetrido
729 2298 849 2362 negare
884 2277 1087 2363 nequivimus
1116 2279 1196 2363 quin

240 2381 432 2448 sublimitati
452 2387 577 2460 vestrae,
602 2401 674 2465 quae
695 2380 736 2444 de
759 2381 829 2465 ejus
851 2382 984 2464 negotio
1003 2381 1142 2445 vidimus
1162 2386 1197 2446 et

241 2485 433 2565 audivimus,
445 2491 648 2550 testaremur.
674 2485 840 2550 Willelmo
853 2485 964 2569 itaque
979 2485 1099 2550 Cumin
1112 2486 1196 2550 mul-

240 2591 283 2654 tis
307 2587 512 2672 exigentibus
537 2588 640 2653 causis
663 2588 799 2652 vinculis
824 2589 1040 2653 anathematis
1060 2588 1196 2668 irretito,

242 2713 342 2776 quum
368 2692 439 2776 jam
466 2691 540 2774 plus
569 2711 657 2756 anno
684 2691 814 2775 integro
839 2691 901 2756 sub
930 2691 1044 2756 eodem
1069 2692 1198 2756 vinculo

154 2841 157 2848 -
242 2793 445 2878 perstitisset,
467 2813 630 2877 quumque
654 2792 842 2856 cumomni
864 2793 1078 2856 ecclesiastico
1099 2791 1198 2857 bene·

242 2897 314 2962 ficio
336 2896 494 2980 generalis
515 2895 642 2960 concilii
659 2895 842 2980 jurisdictio
856 2896 1032 2980 spoliasset,
1048 2896 1198 2961 dominus

243 3000 478 3086 wigorniensis
500 2998 633 3064 consilio
658 2999 883 3082 religiosorum
902 3000 1046 3064 virorum
1065 2999 1197 3085 praedic-

243 3111 316 3168 tum
331 3101 543 3168 Godefridum
564 3101 825 3166 archidiaconatu
840 3123 899 3166 suo
912 3101 1085 3182 investivit,
1099 3103 1198 3168 eccle-

244 3207 361 3290 sieque
376 3225 443 3269 suae
458 3203 718 3268 archidiaconum
731 3203 882 3287 religiosa
898 3203 1067 3269 devotione
1081 3207 1198 3270 consti-

244 3311 319 3374 tuit.
365 3307 493 3372 Scimus
517 3327 592 3370 eum
610 3306 646 3369 in
665 3305 779 3370 eodem
796 3305 900 3370 officio
916 3305 1065 3389 religiose
1084 3309 1198 3390 persti-

244 3412 321 3476 tisse
336 3417 370 3474 ct
384 3430 457 3494 quae
478 3408 520 3472 ad
538 3429 649 3473 emam
671 3408 741 3492 ejus
763 3407 962 3492 spectabant,
977 3409 1153 3492 prudenter
1166 3417 1200 3474 et

245 3514 382 3579 discrete
395 3511 604 3576 ministrasse.
642 3510 768 3576 Scimus
783 3512 882 3575 etiam
897 3511 1080 3596 episcopum
1096 3512 1200 3577 eidem

246 3617 397 3695 ecclcsiae,
419 3615 553 3680 sivobis
580 3615 695 3700 placet,
715 3615 932 3680 necessarium
956 3623 990 3681 et
1012 3615 1049 3680 in
1073 3638 1112 3681 co
1132 3639 1201 3682 non

247 3721 353 3785 solum
366 3718 465 3797 istud,
479 3717 546 3782 imo
560 3725 594 3783 et
607 3719 711 3783 multo
725 3719 863 3803 amplius
879 3720 1003 3783 salvum
1017 3740 1086 3784 csse
1102 3720 1200 3786 bene·

247 3824 367 3888 ficium.
412 3823 575 3886 Dcccmat
589 3821 625 3885 in
638 3821 700 3888 hoc
715 3823 929 3888 consideratio
942 3831 1048 3889 vestra
1060 3832 1099 3889 ut
1118 3847 1201 3890 sem-

248 3947 305 4011 per
318 3924 438 3990 habeat
457 3925 695 3990 incrementvm
715 3926 818 4008 gloria
829 3933 936 3991 vostra
956 3927 1202 4013 concipiantque

249 4028 369 4094 bonam
391 4049 493 4113 spem,
508 4027 565 4111 qui
585 4035 756 4092 recurrant
775 4029 818 4092 ad
830 4051 897 4109 vos,
912 4030 1082 4095 obtinendi
1098 4033 1202 4097 consi-

248 4133 329 4198 linm
353 4131 528 4216 pariteret
553 4129 1203 4199 auxilinmirrhisunderecurruutad

249 4256 314 4300 vos.
358 4235 401 4299 In
426 4232 666 4317 longitudinem
691 4233 816 4299 dierum
838 4257 895 4300 vos
917 4241 1066 4320 protegat
1089 4235 1203 4302 Omni-

250 4343 367 4422 potens
378 4336 550 4416 Dominus,
565 4336 601 4400 in
615 4335 745 4402 Christo
758 4337 870 4421 pater!
