3225 5192
271 663 556 748 u.1›.1139-4fl.]
606 683 819 730 enoonarnrn
834 683 1010 732 rr1auonn.
1200 666 1221 728 7

269 800 449 880 abstulerit,
470 799 696 902 holocaustum
715 807 774 881 eat,
799 800 887 884 quod
907 799 1027 867 libasti.
1072 801 1221 887 Denique

268 905 359 968 nulla
387 902 475 969 eadit
498 901 660 968 estimatio
682 901 719 967 in
741 902 914 968 virtutem:
939 903 1013 968 hoeo
1033 908 1127 969 tanto
1149 924 1221 988 pre·

268 1006 379 1072 tiuaior
401 1011 463 1086 ert,
487 1012 610 1089 quanto
637 1003 699 1070 tibi
724 1025 835 1070 rernm
854 1005 1082 1090 temporalium
1102 1005 1222 1072 damno

268 1111 390 1193 majore
412 1109 604 1174 constiterit.
646 1108 830 1174 Theranrna
851 1109 1057 1176 abaoonditua
1078 1116 1113 1176 et
1136 1131 1222 1175 mar·

269 1212 373 1296 gar-ita
393 1212 529 1277 calestia
545 1211 633 1277 bono
655 1213 850 1296 negotiatori
868 1214 942 1299 jure
956 1220 1131 1294 oeaaerunt,
1146 1214 1223 1298 quia

268 1315 407 1382 venditio
421 1316 572 1381 omnibus
585 1315 675 1382 illem
690 1315 751 1380 sibi
765 1317 970 1401 comparavit.
1007 1317 1081 1382 'libi
1095 1339 1223 1402 quoque

270 1419 372 1482 virtus
386 1418 634 1503 adjudicabitur,
650 1419 678 1484 ai
697 1418 759 1483 tibi
779 1441 900 1504 magno
914 1419 1106 1486 eonstiterit.
1148 1421 1222 1484 Vir-

270 1529 325 1588 tus
340 1543 478 1606 gruum
493 1521 613 1608 sinapis
633 1527 703 1601 eat3
726 1542 791 1605 quo
809 1522 913 1606 magia
928 1522 1088 1600 aderitum
1104 1542 1142 1588 eo
1158 1522 1223 1587 lor·
1238 1593 1244 1608 ¹

270 1623 338 1688 tius
359 1623 540 1688 inardescit.
586 1621 668 1688 Haee
690 1623 794 1707 pulvis
817 1623 1051 1706 pigmentarius
1076 1630 1136 1703 eat,
1159 1643 1224 1708 quo

271 1728 374 1811 magia
402 1727 468 1811 pilo
495 1725 657 1804 tunditur,
683 1746 722 1792 eo
744 1726 901 1792 efficacior
929 1726 971 1792 ad
996 1727 1141 1792 sulutem.
1188 1726 1225 1790 Si

271 1830 461 1916 prophetem
475 1829 681 1909 adrerum
697 1829 757 1894 rub
772 1828 888 1896 umbra
900 1849 1046 1914 quereus,
1060 1830 1172 1914 populi
1189 1835 1244 1896 et‘

270 1932 448 1998 terebinthi
465 1953 534 1998 non
555 1933 639 1998 bene
657 1932 838 2018 thymiama
856 1932 1052 1998 aoeenditur.
1096 1931 1225 1998 Umbra

272 2035 449 2101 terebinthi
464 2042 523 2115 eat,
534 2042 642 2102 totum
657 2036 771 2122 quoin
784 2035 905 2102 infimis
919 2036 1126 2102 delectamur.
1154 2035 1223 2102 Sub

271 2138 425 2224 palpebra
438 2137 580 2218 diluculi,
595 2139 802 2206 illuoeaoente
816 2139 884 2204 nole
897 2159 999 2224 quum
1016 2159 1138 2222 magna
1155 2137 1224 2204 dieu

273 2242 467 2326 aspiraverit,
482 2241 691 2308 inclinabitur
708 2241 778 2308 baeu
796 2241 914 2308 umbra
926 2242 1003 2327 quia
1015 2242 1141 2308 vaniter
1162 2249 1223 2308 eat.

272 2347 394 2412 Beatus
421 2345 529 2425 bomo,
552 2345 606 2411 oni
633 2347 672 2411 fit
696 2344 767 2430 ipra
790 2347 915 2413 vanitas
939 2346 1069 2413 virtutis
1089 2345 1223 2412 ooeaaio.

273 2448 354 2514 Ideo
374 2449 484 2533 justus
506 2456 546 2515 ut
570 2449 678 2534 palma
701 2449 839 2530 florebit,
861 2450 938 2535 quie
960 2450 1132 2534 stringitur
1155 2449 1225 2534 ejus
1335 2489 1339 2497 ·

274 2551 1225 2638 appetituradindrnaaeilioetinanpernadilatatnr.

274 2657 354 2722 Ideo
370 2657 480 2741 justus
501 2655 635 2722 Domini
655 2661 693 2721 ut
715 2657 838 2741 lampae
859 2657 1056 2737 aooenditur,
1077 2654 1154 2740 quia
1174 2676 1226 2721 re·

274 2780 379 2825 nuens
400 2759 557 2825 oonaolari
577 2759 614 2825 in
629 2757 750 2824 iusnnia
770 2759 876 2846 aperit
893 2780 930 2824 oa
948 2779 1045 2824 annun
1061 2766 1096 2823 et
1115 2759 1227 2822 deaur-

275 2883 349 2927 aum
373 2861 536 2928 aeonem
559 2861 711 2947 spiritum
728 2869 820 2928 totns
838 2866 875 2926 in
898 2882 1039 2946 superna
1057 2859 1225 2926 illuoeroit.

274 2965 348 3048 Age
362 2985 440 3048 ergo
453 2970 561 3048 partor
574 2965 721 3050 insignia,
732 2964 911 3030 excutienti
924 2963 986 3030 tdbi
995 2963 1140 3049 pallium,
1153 2983 1226 3047 pro-

272 3068 336 3153 jiee
353 3073 387 3132 et
405 3067 561 3134 tunium.
607 3067 643 3132 si
664 3067 726 3134 tibi
742 3088 854 3153 vepres
872 3067 1026 3149 tollimur,
1040 3073 1080 3132 tu
1094 3085 1227 3149 gregem

273 3171 544 3256 paaooeinliliia3
564 3171 876 3255 abietiamvirtuti
895 3176 1145 3259 quamreqnata
1165 3173 1226 3249 eat,

274 3281 365 3342 toton
379 3275 560 3361 applaudet
