<?xml version="1.0" encoding="UTF-8"?>
<!DOCTYPE html PUBLIC "-//W3C//DTD XHTML 1.0 Transitional//EN"
    "http://www.w3.org/TR/xhtml1/DTD/xhtml1-transitional.dtd">
<html xmlns="http://www.w3.org/1999/xhtml" xml:lang="en" lang="en">
 <head>
  <title>
</title>
<meta http-equiv="Content-Type" content="text/html;charset=utf-8" />
  <meta name='ocr-system' content='tesseract 3.04.00' />
  <meta name='ocr-capabilities' content='ocr_page ocr_carea ocr_par ocr_line ocrx_word'/>
</head>
<body>
  <div class='ocr_page' id='page_1' title='image "./gilbertiexabbat00gilegoog_0260.png"; bbox 0 0 3225 5192; ppageno 0'>
   <div class='ocr_carea' id='block_1_1' title="bbox 250 690 1204 771">
    <p class='ocr_par' dir='ltr' id='par_1_1' title="bbox 250 690 1204 771">
     <span class='ocr_line' id='line_1_1' title="bbox 250 690 1204 771; baseline 0.001 -18"><span class='ocrx_word' id='word_1_1' title='bbox 250 710 317 753; x_wconf 68' lang='lat' dir='ltr'><strong>un.</strong></span> <span class='ocrx_word' id='word_1_2' title='bbox 338 690 533 771; x_wconf 86' lang='grc'>1161-89.]</span> <span class='ocrx_word' id='word_1_3' title='bbox 583 706 1014 753; x_wconf 73' lang='lat' dir='ltr'><strong>uounormrssrsnrrsroum.</strong></span> <span class='ocrx_word' id='word_1_4' title='bbox 1140 692 1204 755; x_wconf 79' lang='lat'><strong>219</strong></span> 
     </span>
    </p>
   </div>
   <div class='ocr_carea' id='block_1_2' title="bbox 245 824 1205 1826">
    <p class='ocr_par' dir='ltr' id='par_1_2' title="bbox 245 824 1205 1826">
     <span class='ocr_line' id='line_1_2' title="bbox 251 824 1205 908; baseline -0.001 -18"><span class='ocrx_word' id='word_1_5' title='bbox 251 826 438 890; x_wconf 84' lang='lat' dir='ltr'><strong>sollenniter</strong></span> <span class='ocrx_word' id='word_1_6' title='bbox 452 824 591 903; x_wconf 79' lang='lat' dir='ltr'>evicisse,</span> <span class='ocrx_word' id='word_1_7' title='bbox 603 846 700 908; x_wconf 90' lang='lat' dir='ltr'><strong>seque</strong></span> <span class='ocrx_word' id='word_1_8' title='bbox 715 831 788 908; x_wconf 90' lang='lat' dir='ltr'><strong>post</strong></span> <span class='ocrx_word' id='word_1_9' title='bbox 803 824 994 889; x_wconf 80' lang='lat' dir='ltr'>evictionem</span> <span class='ocrx_word' id='word_1_10' title='bbox 1009 824 1094 888; x_wconf 89' lang='lat' dir='ltr'><strong>hanc</strong></span> <span class='ocrx_word' id='word_1_11' title='bbox 1108 824 1205 889; x_wconf 77' lang='lat' dir='ltr'><strong>curiae</strong></span> 
     </span>
     <span class='ocr_line' id='line_1_3' title="bbox 251 927 1203 1013; baseline -0.002 -21"><span class='ocrx_word' id='word_1_12' title='bbox 251 950 316 993; x_wconf 83' lang='lat' dir='ltr'><strong>suoe</strong></span> <span class='ocrx_word' id='word_1_13' title='bbox 335 928 466 1013; x_wconf 88' lang='lat' dir='ltr'><strong>jndicio,</strong></span> <span class='ocrx_word' id='word_1_14' title='bbox 485 928 526 991; x_wconf 89' lang='lat' dir='ltr'><strong>ad</strong></span> <span class='ocrx_word' id='word_1_15' title='bbox 545 928 654 991; x_wconf 78' lang='lat' dir='ltr'><strong>villam</strong></span> <span class='ocrx_word' id='word_1_16' title='bbox 675 929 778 1011; x_wconf 80' lang='lat' dir='ltr'>ipsam</span> <span class='ocrx_word' id='word_1_17' title='bbox 800 948 918 991; x_wconf 87' lang='lat' dir='ltr'><strong>manus</strong></span> <span class='ocrx_word' id='word_1_18' title='bbox 940 927 1132 1005; x_wconf 77' lang='lat' dir='ltr'><strong>extendisse,</strong></span> <span class='ocrx_word' id='word_1_19' title='bbox 1155 928 1203 1011; x_wconf 91' lang='lat' dir='ltr'><strong>ip-</strong></span> 
     </span>
     <span class='ocr_line' id='line_1_4' title="bbox 251 1024 1203 1111; baseline -0.002 -20"><span class='ocrx_word' id='word_1_20' title='bbox 251 1048 382 1111; x_wconf 81' lang='lat' dir='ltr'><strong>samque</strong></span> <span class='ocrx_word' id='word_1_21' title='bbox 401 1034 439 1091; x_wconf 92' lang='lat' dir='ltr'><strong>ut</strong></span> <span class='ocrx_word' id='word_1_22' title='bbox 458 1048 549 1091; x_wconf 88' lang='lat' dir='ltr'><strong>suam</strong></span> <span class='ocrx_word' id='word_1_23' title='bbox 565 1046 641 1090; x_wconf 89' lang='lat' dir='ltr'><strong>scen</strong></span> <span class='ocrx_word' id='word_1_24' title='bbox 656 1026 804 1110; x_wconf 80' lang='lat' dir='ltr'><strong>sperabat</strong></span> <span class='ocrx_word' id='word_1_25' title='bbox 820 1026 881 1091; x_wconf 87' lang='lat' dir='ltr'><strong>sibi</strong></span> <span class='ocrx_word' id='word_1_26' title='bbox 896 1024 1084 1109; x_wconf 72' lang='lat' dir='ltr'><strong>aliquandiu</strong></span> <span class='ocrx_word' id='word_1_27' title='bbox 1097 1046 1203 1109; x_wconf 79' lang='lat' dir='ltr'><strong>posse-</strong></span> 
     </span>
     <span class='ocr_line' id='line_1_5' title="bbox 251 1128 1205 1213; baseline -0.002 -18"><span class='ocrx_word' id='word_1_28' title='bbox 251 1132 343 1195; x_wconf 83' lang='lat' dir='ltr'><strong>disse</strong></span> <span class='ocrx_word' id='word_1_29' title='bbox 390 1129 538 1194; x_wconf 80' lang='lat' dir='ltr'><strong>Praedicti</strong></span> <span class='ocrx_word' id='word_1_30' title='bbox 564 1148 639 1193; x_wconf 88' lang='lat' dir='ltr'><strong>vero</strong></span> <span class='ocrx_word' id='word_1_31' title='bbox 665 1129 780 1194; x_wconf 81' lang='lat' dir='ltr'><strong>fratres</strong></span> <span class='ocrx_word' id='word_1_32' title='bbox 805 1148 902 1213; x_wconf 90' lang='lat' dir='ltr'><strong>snper</strong></span> <span class='ocrx_word' id='word_1_33' title='bbox 927 1128 988 1192; x_wconf 89' lang='lat' dir='ltr'><strong>hac</strong></span> <span class='ocrx_word' id='word_1_34' title='bbox 1013 1129 1205 1193; x_wconf 77' lang='lat' dir='ltr'><strong>necessitate</strong></span> 
     </span>
     <span class='ocr_line' id='line_1_6' title="bbox 250 1232 1202 1316; baseline -0.002 -18"><span class='ocrx_word' id='word_1_35' title='bbox 250 1239 451 1298; x_wconf 75' lang='lat' dir='ltr'><strong>recurrentes</strong></span> <span class='ocrx_word' id='word_1_36' title='bbox 473 1233 514 1296; x_wconf 91' lang='lat' dir='ltr'><strong>ad</strong></span> <span class='ocrx_word' id='word_1_37' title='bbox 537 1253 601 1311; x_wconf 88' lang='lat' dir='ltr'><strong>vos,</strong></span> <span class='ocrx_word' id='word_1_38' title='bbox 625 1232 818 1297; x_wconf 90' lang='lat' dir='ltr'><strong>mandatum</strong></span> <span class='ocrx_word' id='word_1_39' title='bbox 842 1232 883 1297; x_wconf 89' lang='lat' dir='ltr'><strong>ad</strong></span> <span class='ocrx_word' id='word_1_40' title='bbox 906 1253 966 1296; x_wconf 91' lang='lat' dir='ltr'><strong>nos</strong></span> <span class='ocrx_word' id='word_1_41' title='bbox 989 1232 1202 1316; x_wconf 89' lang='lat' dir='ltr'><strong>pertulerunt,</strong></span> 
     </span>
     <span class='ocr_line' id='line_1_7' title="bbox 251 1334 1204 1419; baseline 0.002 -22"><span class='ocrx_word' id='word_1_42' title='bbox 251 1341 288 1398; x_wconf 92' lang='lat' dir='ltr'><strong>ut</strong></span> <span class='ocrx_word' id='word_1_43' title='bbox 317 1334 507 1419; x_wconf 82' lang='lat' dir='ltr'><strong>praedictum</strong></span> <span class='ocrx_word' id='word_1_44' title='bbox 537 1335 689 1399; x_wconf 87' lang='lat' dir='ltr'><strong>comitem</strong></span> <span class='ocrx_word' id='word_1_45' title='bbox 720 1335 863 1399; x_wconf 89' lang='lat' dir='ltr'><strong>districte</strong></span> <span class='ocrx_word' id='word_1_46' title='bbox 893 1336 1146 1414; x_wconf 84' lang='lat' dir='ltr'><strong>conveniremus,</strong></span> <span class='ocrx_word' id='word_1_47' title='bbox 1170 1342 1204 1399; x_wconf 93' lang='lat' dir='ltr'><strong>et</strong></span> 
     </span>
     <span class='ocr_line' id='line_1_8' title="bbox 249 1437 1203 1521; baseline 0 -20"><span class='ocrx_word' id='word_1_48' title='bbox 249 1438 312 1501; x_wconf 93' lang='lat' dir='ltr'><strong>nisi</strong></span> <span class='ocrx_word' id='word_1_49' title='bbox 327 1439 520 1502; x_wconf 86' lang='lat' dir='ltr'><strong>auctoritate</strong></span> <span class='ocrx_word' id='word_1_50' title='bbox 534 1445 639 1501; x_wconf 88' lang='lat' dir='ltr'><strong>vestra</strong></span> <span class='ocrx_word' id='word_1_51' title='bbox 657 1459 715 1521; x_wconf 92' lang='lat' dir='ltr'><strong>per</strong></span> <span class='ocrx_word' id='word_1_52' title='bbox 735 1459 794 1503; x_wconf 91' lang='lat' dir='ltr'><strong>nos</strong></span> <span class='ocrx_word' id='word_1_53' title='bbox 812 1438 1019 1515; x_wconf 89' lang='lat' dir='ltr'><strong>ammonitus,</strong></span> <span class='ocrx_word' id='word_1_54' title='bbox 1034 1437 1081 1501; x_wconf 91' lang='lat' dir='ltr'><strong>eis</strong></span> <span class='ocrx_word' id='word_1_55' title='bbox 1094 1437 1203 1501; x_wconf 89' lang='lat' dir='ltr'><strong>villam</strong></span> 
     </span>
     <span class='ocr_line' id='line_1_9' title="bbox 245 1540 1202 1624; baseline 0.001 -21"><span class='ocrx_word' id='word_1_56' title='bbox 245 1540 434 1624; x_wconf 87' lang='lat' dir='ltr'><strong>jamdictam</strong></span> <span class='ocrx_word' id='word_1_57' title='bbox 455 1548 490 1605; x_wconf 90' lang='lat' dir='ltr'><strong>et</strong></span> <span class='ocrx_word' id='word_1_58' title='bbox 509 1542 620 1605; x_wconf 85' lang='lat' dir='ltr'><strong>omnia</strong></span> <span class='ocrx_word' id='word_1_59' title='bbox 640 1541 749 1605; x_wconf 87' lang='lat' dir='ltr'><strong>ablata</strong></span> <span class='ocrx_word' id='word_1_60' title='bbox 766 1541 803 1604; x_wconf 94' lang='lat' dir='ltr'><strong>in</strong></span> <span class='ocrx_word' id='word_1_61' title='bbox 822 1540 986 1624; x_wconf 87' lang='lat' dir='ltr'><strong>integrum</strong></span> <span class='ocrx_word' id='word_1_62' title='bbox 1008 1540 1202 1619; x_wconf 87' lang='lat' dir='ltr'><strong>restitueret,</strong></span> 
     </span>
     <span class='ocr_line' id='line_1_10' title="bbox 249 1644 1204 1729; baseline 0 -22"><span class='ocrx_word' id='word_1_63' title='bbox 249 1652 369 1708; x_wconf 90' lang='lat' dir='ltr'><strong>terram</strong></span> <span class='ocrx_word' id='word_1_64' title='bbox 389 1646 459 1729; x_wconf 84' lang='lat' dir='ltr'><strong>ejus</strong></span> <span class='ocrx_word' id='word_1_65' title='bbox 479 1652 581 1709; x_wconf 88' lang='lat' dir='ltr'><strong>totam</strong></span> <span class='ocrx_word' id='word_1_66' title='bbox 602 1644 662 1708; x_wconf 87' lang='lat' dir='ltr'><strong>sub</strong></span> <span class='ocrx_word' id='word_1_67' title='bbox 682 1644 857 1709; x_wconf 81' lang='lat' dir='ltr'><strong>interdicto</strong></span> <span class='ocrx_word' id='word_1_68' title='bbox 875 1664 1005 1728; x_wconf 92' lang='lat' dir='ltr'><strong>ponere,</strong></span> <span class='ocrx_word' id='word_1_69' title='bbox 1021 1652 1054 1708; x_wconf 92' lang='lat' dir='ltr'><strong>et</strong></span> <span class='ocrx_word' id='word_1_70' title='bbox 1073 1644 1137 1707; x_wconf 91' lang='lat' dir='ltr'><strong>nisi</strong></span> <span class='ocrx_word' id='word_1_71' title='bbox 1155 1644 1204 1708; x_wconf 83' lang='lat' dir='ltr'><strong>vel</strong></span> 
     </span>
     <span class='ocr_line' id='line_1_11' title="bbox 250 1747 1202 1826; baseline 0 -15"><span class='ocrx_word' id='word_1_72' title='bbox 250 1748 296 1811; x_wconf 89' lang='lat' dir='ltr'><strong>sic</strong></span> <span class='ocrx_word' id='word_1_73' title='bbox 316 1748 522 1826; x_wconf 84' lang='lat' dir='ltr'><strong>satisfaceret,</strong></span> <span class='ocrx_word' id='word_1_74' title='bbox 540 1748 879 1815; x_wconf 87' lang='lat' dir='ltr'><strong>excommunicationis</strong></span> <span class='ocrx_word' id='word_1_75' title='bbox 893 1747 929 1811; x_wconf 93' lang='lat' dir='ltr'><strong>in</strong></span> <span class='ocrx_word' id='word_1_76' title='bbox 943 1768 1020 1811; x_wconf 91' lang='lat' dir='ltr'><strong>eum</strong></span> <span class='ocrx_word' id='word_1_77' title='bbox 1032 1747 1117 1811; x_wconf 82' lang='lat' dir='ltr'><strong>ferre</strong></span> <span class='ocrx_word' id='word_1_78' title='bbox 1131 1768 1202 1811; x_wconf 85' lang='lat' dir='ltr'><strong>sen-</strong></span> 
     </span>
    </p>
   </div>
   <div class='ocr_carea' id='block_1_3' title="bbox 247 1850 1203 2349">
    <p class='ocr_par' dir='ltr' id='par_1_3' title="bbox 247 1850 1203 2349">
     <span class='ocr_line' id='line_1_12' title="bbox 250 1850 1202 1933; baseline -0.001 -19"><span class='ocrx_word' id='word_1_79' title='bbox 250 1851 389 1914; x_wconf 87' lang='lat' dir='ltr'><strong>tentiam</strong></span> <span class='ocrx_word' id='word_1_80' title='bbox 415 1870 483 1915; x_wconf 90' lang='lat' dir='ltr'><strong>non</strong></span> <span class='ocrx_word' id='word_1_81' title='bbox 509 1850 703 1915; x_wconf 84' lang='lat' dir='ltr'><strong>differemus.</strong></span> <span class='ocrx_word' id='word_1_82' title='bbox 748 1850 853 1915; x_wconf 89' lang='lat' dir='ltr'><strong>Nobis</strong></span> <span class='ocrx_word' id='word_1_83' title='bbox 877 1852 988 1933; x_wconf 89' lang='lat' dir='ltr'><strong>itaque</strong></span> <span class='ocrx_word' id='word_1_84' title='bbox 1011 1850 1202 1914; x_wconf 87' lang='lat' dir='ltr'><strong>mundatum</strong></span> 
     </span>
     <span class='ocr_line' id='line_1_13' title="bbox 248 1953 1203 2037; baseline 0.002 -21"><span class='ocrx_word' id='word_1_85' title='bbox 248 1962 390 2017; x_wconf 87' lang='lat' dir='ltr'><strong>vestrum</strong></span> <span class='ocrx_word' id='word_1_86' title='bbox 413 1955 517 2019; x_wconf 91' lang='lat' dir='ltr'><strong>multo</strong></span> <span class='ocrx_word' id='word_1_87' title='bbox 539 1954 649 2019; x_wconf 88' lang='lat' dir='ltr'><strong>labore</strong></span> <span class='ocrx_word' id='word_1_88' title='bbox 671 1953 916 2037; x_wconf 83' lang='lat' dir='ltr'><strong>complentibus,</strong></span> <span class='ocrx_word' id='word_1_89' title='bbox 940 1953 1071 2018; x_wconf 92' lang='lat' dir='ltr'><strong>domino</strong></span> <span class='ocrx_word' id='word_1_90' title='bbox 1090 1960 1203 2018; x_wconf 87' lang='lat' dir='ltr'><strong>nostro</strong></span> 
     </span>
     <span class='ocr_line' id='line_1_14' title="bbox 249 2058 1202 2143; baseline -0.003 -19"><span class='ocrx_word' id='word_1_91' title='bbox 249 2080 325 2143; x_wconf 90' lang='lat' dir='ltr'><strong>rege</strong></span> <span class='ocrx_word' id='word_1_92' title='bbox 344 2080 479 2123; x_wconf 92' lang='lat' dir='ltr'><strong>manum</strong></span> <span class='ocrx_word' id='word_1_93' title='bbox 495 2060 665 2123; x_wconf 88' lang='lat' dir='ltr'><strong>efficaciter</strong></span> <span class='ocrx_word' id='word_1_94' title='bbox 680 2065 873 2143; x_wconf 85' lang='lat' dir='ltr'><strong>apponente,</strong></span> <span class='ocrx_word' id='word_1_95' title='bbox 888 2058 964 2122; x_wconf 86' lang='lat' dir='ltr'><strong>villa</strong></span> <span class='ocrx_word' id='word_1_96' title='bbox 981 2059 1051 2142; x_wconf 85' lang='lat' dir='ltr'><strong>ipsu</strong></span> <span class='ocrx_word' id='word_1_97' title='bbox 1070 2058 1202 2123; x_wconf 90' lang='lat' dir='ltr'><strong>canoni·</strong></span> 
     </span>
     <span class='ocr_line' id='line_1_15' title="bbox 249 2161 1202 2245; baseline -0.001 -19"><span class='ocrx_word' id='word_1_98' title='bbox 249 2163 294 2226; x_wconf 85' lang='lat' dir='ltr'><strong>cis</strong></span> <span class='ocrx_word' id='word_1_99' title='bbox 312 2162 440 2226; x_wconf 86' lang='lat' dir='ltr'><strong>reddita</strong></span> <span class='ocrx_word' id='word_1_100' title='bbox 453 2169 512 2241; x_wconf 89' lang='lat' dir='ltr'><strong>est,</strong></span> <span class='ocrx_word' id='word_1_101' title='bbox 528 2168 563 2226; x_wconf 90' lang='lat' dir='ltr'><strong>et</strong></span> <span class='ocrx_word' id='word_1_102' title='bbox 577 2180 788 2245; x_wconf 78' lang='lat' dir='ltr'><strong>quaecumque</strong></span> <span class='ocrx_word' id='word_1_103' title='bbox 803 2161 864 2225; x_wconf 88' lang='lat' dir='ltr'><strong>sibi</strong></span> <span class='ocrx_word' id='word_1_104' title='bbox 878 2161 988 2226; x_wconf 87' lang='lat' dir='ltr'><strong>ablata</strong></span> <span class='ocrx_word' id='word_1_105' title='bbox 999 2162 1140 2241; x_wconf 70' lang='lat' dir='ltr'><strong>fumant,</strong></span> <span class='ocrx_word' id='word_1_106' title='bbox 1156 2162 1202 2225; x_wconf 91' lang='lat' dir='ltr'><strong>eis</strong></span> 
     </span>
     <span class='ocr_line' id='line_1_16' title="bbox 247 2262 1203 2349; baseline -0.002 -20"><span class='ocrx_word' id='word_1_107' title='bbox 247 2266 342 2349; x_wconf 83' lang='lat' dir='ltr'><strong>juxta</strong></span> <span class='ocrx_word' id='word_1_108' title='bbox 359 2265 583 2349; x_wconf 88' lang='lat' dir='ltr'><strong>juramentum</strong></span> <span class='ocrx_word' id='word_1_109' title='bbox 605 2271 638 2329; x_wconf 91' lang='lat' dir='ltr'><strong>et</strong></span> <span class='ocrx_word' id='word_1_110' title='bbox 660 2262 883 2347; x_wconf 87' lang='lat' dir='ltr'><strong>probationem</strong></span> <span class='ocrx_word' id='word_1_111' title='bbox 903 2284 1045 2342; x_wconf 89' lang='lat' dir='ltr'><strong>suorum,</strong></span> <span class='ocrx_word' id='word_1_112' title='bbox 1064 2284 1122 2347; x_wconf 88' lang='lat' dir='ltr'><strong>per</strong></span> <span class='ocrx_word' id='word_1_113' title='bbox 1142 2284 1203 2328; x_wconf 87' lang='lat' dir='ltr'><strong>nos</strong></span> 
     </span>
    </p>
   </div>
   <div class='ocr_carea' id='block_1_4' title="bbox 246 2366 1203 4310">
    <p class='ocr_par' dir='ltr' id='par_1_4' title="bbox 246 2366 1203 4310">
     <span class='ocr_line' id='line_1_17' title="bbox 249 2366 1203 2451; baseline 0 -20"><span class='ocrx_word' id='word_1_114' title='bbox 249 2368 458 2451; x_wconf 87' lang='lat' dir='ltr'><strong>integerrime</strong></span> <span class='ocrx_word' id='word_1_115' title='bbox 483 2368 635 2431; x_wconf 85' lang='lat' dir='ltr'><strong>restituta</strong></span> <span class='ocrx_word' id='word_1_116' title='bbox 659 2374 746 2430; x_wconf 90' lang='lat' dir='ltr'><strong>sunt.</strong></span> <span class='ocrx_word' id='word_1_117' title='bbox 791 2366 918 2431; x_wconf 73' lang='lat' dir='ltr'><strong>Vestrae</strong></span> <span class='ocrx_word' id='word_1_118' title='bbox 946 2368 974 2430; x_wconf 89' lang='lat' dir='ltr'><strong>si</strong></span> <span class='ocrx_word' id='word_1_119' title='bbox 1003 2366 1081 2450; x_wconf 87' lang='lat' dir='ltr'><strong>quid</strong></span> <span class='ocrx_word' id='word_1_120' title='bbox 1109 2367 1203 2431; x_wconf 87' lang='lat' dir='ltr'><strong>aliter</strong></span> 
     </span>
     <span class='ocr_line' id='line_1_18' title="bbox 249 2468 1202 2553; baseline -0.002 -18"><span class='ocrx_word' id='word_1_121' title='bbox 249 2470 446 2535; x_wconf 83' lang='lat' dir='ltr'><strong>excellentiae</strong></span> <span class='ocrx_word' id='word_1_122' title='bbox 468 2476 659 2553; x_wconf 88' lang='lat' dir='ltr'><strong>suggestum</strong></span> <span class='ocrx_word' id='word_1_123' title='bbox 679 2476 737 2548; x_wconf 90' lang='lat' dir='ltr'><strong>est,</strong></span> <span class='ocrx_word' id='word_1_124' title='bbox 759 2470 805 2533; x_wconf 81' lang='lat' dir='ltr'><strong>sic</strong></span> <span class='ocrx_word' id='word_1_125' title='bbox 823 2468 1013 2553; x_wconf 83' lang='lat' dir='ltr'><strong>processisse</strong></span> <span class='ocrx_word' id='word_1_126' title='bbox 1034 2469 1202 2552; x_wconf 79' lang='lat' dir='ltr'><strong>negotium</strong></span> 
     </span>
     <span class='ocr_line' id='line_1_19' title="bbox 248 2572 1201 2655; baseline -0.004 -17"><span class='ocrx_word' id='word_1_127' title='bbox 248 2573 439 2638; x_wconf 84' lang='lat' dir='ltr'><strong>venerabilis</strong></span> <span class='ocrx_word' id='word_1_128' title='bbox 454 2573 562 2637; x_wconf 84' lang='lat' dir='ltr'><strong>fratris</strong></span> <span class='ocrx_word' id='word_1_129' title='bbox 576 2573 680 2637; x_wconf 89' lang='lat' dir='ltr'><strong>nostri</strong></span> <span class='ocrx_word' id='word_1_130' title='bbox 691 2572 814 2637; x_wconf 89' lang='lat' dir='ltr'><strong>domini</strong></span> <span class='ocrx_word' id='word_1_131' title='bbox 825 2572 1041 2637; x_wconf 80' lang='lat' dir='ltr'><strong>Norwiceusis</strong></span> <span class='ocrx_word' id='word_1_132' title='bbox 1052 2572 1201 2655; x_wconf 88' lang='lat' dir='ltr'><strong>episcopi,</strong></span> 
     </span>
     <span class='ocr_line' id='line_1_20' title="bbox 249 2675 1202 2760; baseline -0.004 -18"><span class='ocrx_word' id='word_1_133' title='bbox 249 2678 448 2759; x_wconf 80' lang='lat' dir='ltr'><strong>aliarumque</strong></span> <span class='ocrx_word' id='word_1_134' title='bbox 463 2676 607 2760; x_wconf 85' lang='lat' dir='ltr'><strong>ejusdem</strong></span> <span class='ocrx_word' id='word_1_135' title='bbox 628 2676 761 2740; x_wconf 89' lang='lat' dir='ltr'><strong>diocesis</strong></span> <span class='ocrx_word' id='word_1_136' title='bbox 779 2696 990 2760; x_wconf 88' lang='lat' dir='ltr'><strong>personarum</strong></span> <span class='ocrx_word' id='word_1_137' title='bbox 1007 2675 1202 2739; x_wconf 82' lang='lat' dir='ltr'><strong>testimoniis</strong></span> 
     </span>
     <span class='ocr_line' id='line_1_21' title="bbox 247 2779 1200 2864; baseline -0.005 -19"><span class='ocrx_word' id='word_1_138' title='bbox 247 2780 393 2864; x_wconf 86' lang='lat' dir='ltr'><strong>poteritis</strong></span> <span class='ocrx_word' id='word_1_139' title='bbox 408 2779 573 2843; x_wconf 87' lang='lat' dir='ltr'><strong>evidenter</strong></span> <span class='ocrx_word' id='word_1_140' title='bbox 588 2798 771 2862; x_wconf 84' lang='lat' dir='ltr'><strong>agnoscere.</strong></span> <span class='ocrx_word' id='word_1_141' title='bbox 811 2779 939 2843; x_wconf 91' lang='lat' dir='ltr'><strong>Deinde</strong></span> <span class='ocrx_word' id='word_1_142' title='bbox 953 2798 1106 2862; x_wconf 86' lang='lat' dir='ltr'><strong>processu</strong></span> <span class='ocrx_word' id='word_1_143' title='bbox 1118 2784 1200 2841; x_wconf 80' lang='lat' dir='ltr'><strong>tem-</strong></span> 
     </span>
     <span class='ocr_line' id='line_1_22' title="bbox 247 2879 1202 2966; baseline -0.001 -20"><span class='ocrx_word' id='word_1_144' title='bbox 247 2883 342 2966; x_wconf 89' lang='lat' dir='ltr'><strong>poris,</strong></span> <span class='ocrx_word' id='word_1_145' title='bbox 358 2902 434 2946; x_wconf 87' lang='lat' dir='ltr'><strong>oum</strong></span> <span class='ocrx_word' id='word_1_146' title='bbox 449 2882 492 2945; x_wconf 86' lang='lat' dir='ltr'><strong>ad</strong></span> <span class='ocrx_word' id='word_1_147' title='bbox 506 2880 674 2946; x_wconf 90' lang='lat' dir='ltr'><strong>dominum</strong></span> <span class='ocrx_word' id='word_1_148' title='bbox 689 2889 838 2947; x_wconf 89' lang='lat' dir='ltr'><strong>nostrum</strong></span> <span class='ocrx_word' id='word_1_149' title='bbox 852 2902 962 2965; x_wconf 83' lang='lat' dir='ltr'><strong>regem</strong></span> <span class='ocrx_word' id='word_1_150' title='bbox 978 2879 1202 2947; x_wconf 79' lang='lat' dir='ltr'><strong>Oxenelordiae</strong></span> 
     </span>
     <span class='ocr_line' id='line_1_23' title="bbox 248 2983 1201 3069; baseline -0.003 -19"><span class='ocrx_word' id='word_1_151' title='bbox 248 2986 517 3064; x_wconf 81' lang='lat' dir='ltr'><strong>convenissemus,</strong></span> <span class='ocrx_word' id='word_1_152' title='bbox 533 2986 609 3069; x_wconf 90' lang='lat' dir='ltr'><strong>quia</strong></span> <span class='ocrx_word' id='word_1_153' title='bbox 623 3006 720 3069; x_wconf 92' lang='lat' dir='ltr'><strong>super</strong></span> <span class='ocrx_word' id='word_1_154' title='bbox 738 2986 813 3049; x_wconf 85' lang='lat' dir='ltr'><strong>villa</strong></span> <span class='ocrx_word' id='word_1_155' title='bbox 830 2986 892 3049; x_wconf 88' lang='lat' dir='ltr'><strong>hac</strong></span> <span class='ocrx_word' id='word_1_156' title='bbox 907 3004 1005 3068; x_wconf 91' lang='lat' dir='ltr'><strong>qnam</strong></span> <span class='ocrx_word' id='word_1_157' title='bbox 1019 2983 1080 3048; x_wconf 90' lang='lat' dir='ltr'><strong>sibi</strong></span> <span class='ocrx_word' id='word_1_158' title='bbox 1095 3004 1201 3048; x_wconf 87' lang='lat' dir='ltr'><strong>eomes</strong></span> 
     </span>
     <span class='ocr_line' id='line_1_24' title="bbox 249 3088 1200 3172; baseline -0.002 -19"><span class='ocrx_word' id='word_1_159' title='bbox 249 3089 349 3171; x_wconf 86' lang='lat' dir='ltr'><strong>Hngo</strong></span> <span class='ocrx_word' id='word_1_160' title='bbox 370 3088 529 3167; x_wconf 84' lang='lat' dir='ltr'><strong>vendicat,</strong></span> <span class='ocrx_word' id='word_1_161' title='bbox 552 3089 591 3152; x_wconf 88' lang='lat' dir='ltr'><strong>lis</strong></span> <span class='ocrx_word' id='word_1_162' title='bbox 613 3088 670 3153; x_wconf 89' lang='lat' dir='ltr'><strong>diu</strong></span> <span class='ocrx_word' id='word_1_163' title='bbox 689 3096 853 3172; x_wconf 86' lang='lat' dir='ltr'><strong>protracta</strong></span> <span class='ocrx_word' id='word_1_164' title='bbox 875 3096 936 3166; x_wconf 89' lang='lat' dir='ltr'><strong>est,</strong></span> <span class='ocrx_word' id='word_1_165' title='bbox 954 3095 988 3152; x_wconf 92' lang='lat' dir='ltr'><strong>et</strong></span> <span class='ocrx_word' id='word_1_166' title='bbox 1009 3088 1045 3153; x_wconf 92' lang='lat' dir='ltr'><strong>in</strong></span> <span class='ocrx_word' id='word_1_167' title='bbox 1065 3088 1200 3169; x_wconf 88' lang='lat' dir='ltr'><strong>longum</strong></span> 
     </span>
     <span class='ocr_line' id='line_1_25' title="bbox 249 3190 1200 3277; baseline 0 -20"><span class='ocrx_word' id='word_1_168' title='bbox 249 3202 326 3257; x_wconf 86' lang='lat' dir='ltr'><strong>sunt</strong></span> <span class='ocrx_word' id='word_1_169' title='bbox 344 3192 504 3277; x_wconf 87' lang='lat' dir='ltr'><strong>protelata</strong></span> <span class='ocrx_word' id='word_1_170' title='bbox 522 3192 708 3271; x_wconf 82' lang='lat' dir='ltr'><strong>certamina,</strong></span> <span class='ocrx_word' id='word_1_171' title='bbox 729 3192 765 3257; x_wconf 90' lang='lat' dir='ltr'><strong>in</strong></span> <span class='ocrx_word' id='word_1_172' title='bbox 784 3191 855 3276; x_wconf 90' lang='lat' dir='ltr'><strong>ipsa</strong></span> <span class='ocrx_word' id='word_1_173' title='bbox 874 3191 997 3255; x_wconf 90' lang='lat' dir='ltr'><strong>domini</strong></span> <span class='ocrx_word' id='word_1_174' title='bbox 1015 3190 1100 3274; x_wconf 85' lang='lat' dir='ltr'><strong>regis</strong></span> <span class='ocrx_word' id='word_1_175' title='bbox 1119 3212 1200 3274; x_wconf 84' lang='lat' dir='ltr'><strong>prae·</strong></span> 
     </span>
     <span class='ocr_line' id='line_1_26' title="bbox 250 3296 1200 3380; baseline -0.002 -19"><span class='ocrx_word' id='word_1_176' title='bbox 250 3296 353 3361; x_wconf 88' lang='lat' dir='ltr'><strong>sentia</strong></span> <span class='ocrx_word' id='word_1_177' title='bbox 372 3317 468 3380; x_wconf 90' lang='lat' dir='ltr'><strong>super</strong></span> <span class='ocrx_word' id='word_1_178' title='bbox 487 3296 548 3360; x_wconf 92' lang='lat' dir='ltr'><strong>hoc</strong></span> <span class='ocrx_word' id='word_1_179' title='bbox 568 3303 744 3361; x_wconf 89' lang='lat' dir='ltr'><strong>tractatum</strong></span> <span class='ocrx_word' id='word_1_180' title='bbox 766 3304 826 3375; x_wconf 89' lang='lat' dir='ltr'><strong>est,</strong></span> <span class='ocrx_word' id='word_1_181' title='bbox 841 3302 879 3360; x_wconf 92' lang='lat' dir='ltr'><strong>nt</strong></span> <span class='ocrx_word' id='word_1_182' title='bbox 899 3297 1046 3361; x_wconf 89' lang='lat' dir='ltr'><strong>canonici</strong></span> <span class='ocrx_word' id='word_1_183' title='bbox 1063 3316 1134 3361; x_wconf 90' lang='lat' dir='ltr'><strong>rem</strong></span> <span class='ocrx_word' id='word_1_184' title='bbox 1152 3297 1200 3380; x_wconf 82' lang='lat' dir='ltr'><strong>ip-</strong></span> 
     </span>
     <span class='ocr_line' id='line_1_27' title="bbox 250 3399 1200 3483; baseline 0 -20"><span class='ocrx_word' id='word_1_185' title='bbox 250 3420 316 3463; x_wconf 87' lang='lat' dir='ltr'><strong>sam</strong></span> <span class='ocrx_word' id='word_1_186' title='bbox 331 3400 505 3482; x_wconf 89' lang='lat' dir='ltr'><strong>litigiosam</strong></span> <span class='ocrx_word' id='word_1_187' title='bbox 517 3399 629 3464; x_wconf 89' lang='lat' dir='ltr'><strong>comiti</strong></span> <span class='ocrx_word' id='word_1_188' title='bbox 642 3399 803 3478; x_wconf 87' lang='lat' dir='ltr'><strong>cederent,</strong></span> <span class='ocrx_word' id='word_1_189' title='bbox 816 3406 850 3463; x_wconf 93' lang='lat' dir='ltr'><strong>et</strong></span> <span class='ocrx_word' id='word_1_190' title='bbox 864 3400 960 3463; x_wconf 90' lang='lat' dir='ltr'><strong>aliam</strong></span> <span class='ocrx_word' id='word_1_191' title='bbox 974 3400 1044 3483; x_wconf 90' lang='lat' dir='ltr'><strong>ipso</strong></span> <span class='ocrx_word' id='word_1_192' title='bbox 1058 3400 1200 3464; x_wconf 90' lang='lat' dir='ltr'><strong>donante</strong></span> 
     </span>
     <span class='ocr_line' id='line_1_28' title="bbox 248 3502 1200 3587; baseline 0.002 -22"><span class='ocrx_word' id='word_1_193' title='bbox 248 3502 455 3585; x_wconf 88' lang='lat' dir='ltr'><strong>susciperent,</strong></span> <span class='ocrx_word' id='word_1_194' title='bbox 478 3502 512 3565; x_wconf 93' lang='lat' dir='ltr'><strong>in</strong></span> <span class='ocrx_word' id='word_1_195' title='bbox 536 3523 598 3586; x_wconf 86' lang='lat' dir='ltr'><strong>qua</strong></span> <span class='ocrx_word' id='word_1_196' title='bbox 620 3524 694 3566; x_wconf 88' lang='lat' dir='ltr'><strong>oum</strong></span> <span class='ocrx_word' id='word_1_197' title='bbox 716 3524 794 3587; x_wconf 90' lang='lat' dir='ltr'><strong>pace</strong></span> <span class='ocrx_word' id='word_1_198' title='bbox 818 3502 982 3586; x_wconf 88' lang='lat' dir='ltr'><strong>degerent,</strong></span> <span class='ocrx_word' id='word_1_199' title='bbox 1005 3510 1039 3567; x_wconf 89' lang='lat' dir='ltr'><strong>et</strong></span> <span class='ocrx_word' id='word_1_200' title='bbox 1062 3503 1097 3566; x_wconf 89' lang='lat' dir='ltr'><strong>iu</strong></span> <span class='ocrx_word' id='word_1_201' title='bbox 1121 3524 1200 3586; x_wconf 90' lang='lat' dir='ltr'><strong>pace</strong></span> 
     </span>
     <span class='ocr_line' id='line_1_29' title="bbox 248 3604 1200 3688; baseline 0.002 -21"><span class='ocrx_word' id='word_1_202' title='bbox 248 3604 389 3669; x_wconf 90' lang='lat' dir='ltr'><strong>Domino</strong></span> <span class='ocrx_word' id='word_1_203' title='bbox 414 3605 618 3669; x_wconf 85' lang='lat' dir='ltr'><strong>deservirent.</strong></span> <span class='ocrx_word' id='word_1_204' title='bbox 666 3605 739 3670; x_wconf 81' lang='lat' dir='ltr'><strong>Qua</strong></span> <span class='ocrx_word' id='word_1_205' title='bbox 760 3606 797 3669; x_wconf 90' lang='lat' dir='ltr'><strong>in</strong></span> <span class='ocrx_word' id='word_1_206' title='bbox 820 3626 865 3685; x_wconf 87' lang='lat' dir='ltr'><strong>re,</strong></span> <span class='ocrx_word' id='word_1_207' title='bbox 890 3606 951 3669; x_wconf 91' lang='lat' dir='ltr'><strong>etsi</strong></span> <span class='ocrx_word' id='word_1_208' title='bbox 974 3606 1062 3688; x_wconf 90' lang='lat' dir='ltr'><strong>prior</strong></span> <span class='ocrx_word' id='word_1_209' title='bbox 1085 3605 1200 3669; x_wconf 90' lang='lat' dir='ltr'><strong>domus</strong></span> 
     </span>
     <span class='ocr_line' id='line_1_30' title="bbox 247 3706 1200 3792; baseline 0.002 -22"><span class='ocrx_word' id='word_1_210' title='bbox 247 3706 347 3790; x_wconf 90' lang='lat' dir='ltr'><strong>ipsius</strong></span> <span class='ocrx_word' id='word_1_211' title='bbox 374 3728 539 3771; x_wconf 86' lang='lat' dir='ltr'><strong>assensum</strong></span> <span class='ocrx_word' id='word_1_212' title='bbox 566 3706 666 3787; x_wconf 88' lang='lat' dir='ltr'><strong>daret,</strong></span> <span class='ocrx_word' id='word_1_213' title='bbox 693 3730 769 3792; x_wconf 90' lang='lat' dir='ltr'><strong>rege</strong></span> <span class='ocrx_word' id='word_1_214' title='bbox 798 3716 910 3773; x_wconf 88' lang='lat' dir='ltr'><strong>tamen</strong></span> <span class='ocrx_word' id='word_1_215' title='bbox 939 3708 984 3772; x_wconf 90' lang='lat' dir='ltr'><strong>sic</strong></span> <span class='ocrx_word' id='word_1_216' title='bbox 1013 3708 1200 3773; x_wconf 90' lang='lat' dir='ltr'><strong>consulente</strong></span> 
     </span>
     <span class='ocr_line' id='line_1_31' title="bbox 247 3810 1200 3894; baseline 0.001 -21"><span class='ocrx_word' id='word_1_217' title='bbox 247 3810 409 3893; x_wconf 89' lang='lat' dir='ltr'><strong>provisum</strong></span> <span class='ocrx_word' id='word_1_218' title='bbox 424 3818 483 3888; x_wconf 90' lang='lat' dir='ltr'><strong>est,</strong></span> <span class='ocrx_word' id='word_1_219' title='bbox 498 3810 545 3873; x_wconf 92' lang='lat' dir='ltr'><strong>nil</strong></span> <span class='ocrx_word' id='word_1_220' title='bbox 560 3811 695 3875; x_wconf 90' lang='lat' dir='ltr'><strong>ulterius</strong></span> <span class='ocrx_word' id='word_1_221' title='bbox 710 3812 789 3888; x_wconf 87' lang='lat' dir='ltr'><strong>lieri,</strong></span> <span class='ocrx_word' id='word_1_222' title='bbox 809 3811 976 3894; x_wconf 89' lang='lat' dir='ltr'><strong>negotium</strong></span> <span class='ocrx_word' id='word_1_223' title='bbox 997 3810 1114 3875; x_wconf 85' lang='lat' dir='ltr'><strong>effectu</strong></span> <span class='ocrx_word' id='word_1_224' title='bbox 1132 3832 1200 3874; x_wconf 93' lang='lat' dir='ltr'><strong>non</strong></span> 
     </span>
     <span class='ocr_line' id='line_1_32' title="bbox 249 3913 1199 3997; baseline 0.002 -20"><span class='ocrx_word' id='word_1_225' title='bbox 249 3913 410 3996; x_wconf 90' lang='lat' dir='ltr'><strong>compleri,</strong></span> <span class='ocrx_word' id='word_1_226' title='bbox 431 3935 595 3997; x_wconf 86' lang='lat' dir='ltr'><strong>quousque</strong></span> <span class='ocrx_word' id='word_1_227' title='bbox 617 3916 717 3978; x_wconf 90' lang='lat' dir='ltr'><strong>totius</strong></span> <span class='ocrx_word' id='word_1_228' title='bbox 740 3921 917 3979; x_wconf 87' lang='lat' dir='ltr'><strong>conventus</strong></span> <span class='ocrx_word' id='word_1_229' title='bbox 940 3914 1125 3979; x_wconf 84' lang='lat' dir='ltr'><strong>Panteneiae</strong></span> <span class='ocrx_word' id='word_1_230' title='bbox 1147 3937 1199 3979; x_wconf 91' lang='lat' dir='ltr'><strong>su·</strong></span> 
     </span>
     <span class='ocr_line' id='line_1_33' title="bbox 248 4017 1201 4100; baseline 0.002 -21"><span class='ocrx_word' id='word_1_231' title='bbox 248 4038 305 4100; x_wconf 92' lang='lat' dir='ltr'><strong>per</strong></span> <span class='ocrx_word' id='word_1_232' title='bbox 325 4017 385 4081; x_wconf 93' lang='lat' dir='ltr'><strong>hoc</strong></span> <span class='ocrx_word' id='word_1_233' title='bbox 406 4017 541 4081; x_wconf 76' lang='lat' dir='ltr'><strong>acuetur</strong></span> <span class='ocrx_word' id='word_1_234' title='bbox 560 4018 719 4097; x_wconf 88' lang='lat' dir='ltr'><strong>voluntas,</strong></span> <span class='ocrx_word' id='word_1_235' title='bbox 735 4024 768 4081; x_wconf 92' lang='lat' dir='ltr'><strong>et</strong></span> <span class='ocrx_word' id='word_1_236' title='bbox 791 4018 1006 4083; x_wconf 87' lang='lat' dir='ltr'><strong>communiter</strong></span> <span class='ocrx_word' id='word_1_237' title='bbox 1027 4017 1201 4083; x_wconf 89' lang='lat' dir='ltr'><strong>haberetur</strong></span> 
     </span>
     <span class='ocr_line' id='line_1_34' title="bbox 248 4120 1201 4205; baseline -0.001 -22"><span class='ocrx_word' id='word_1_238' title='bbox 248 4141 405 4184; x_wconf 89' lang='lat' dir='ltr'><strong>assensus.</strong></span> <span class='ocrx_word' id='word_1_239' title='bbox 458 4120 628 4185; x_wconf 84' lang='lat' dir='ltr'><strong>Conventu</strong></span> <span class='ocrx_word' id='word_1_240' title='bbox 656 4142 730 4186; x_wconf 83' lang='lat' dir='ltr'><strong>vero</strong></span> <span class='ocrx_word' id='word_1_241' title='bbox 760 4142 827 4185; x_wconf 93' lang='lat' dir='ltr'><strong>non</strong></span> <span class='ocrx_word' id='word_1_242' title='bbox 857 4121 1064 4205; x_wconf 88' lang='lat' dir='ltr'><strong>approbante,</strong></span> <span class='ocrx_word' id='word_1_243' title='bbox 1088 4142 1201 4185; x_wconf 86' lang='lat' dir='ltr'><strong>verum</strong></span> 
     </span>
     <span class='ocr_line' id='line_1_35' title="bbox 246 4222 1199 4310; baseline 0 -23"><span class='ocrx_word' id='word_1_244' title='bbox 246 4222 459 4307; x_wconf 88' lang='lat' dir='ltr'><strong>improbante,</strong></span> <span class='ocrx_word' id='word_1_245' title='bbox 480 4226 646 4308; x_wconf 90' lang='lat' dir='ltr'><strong>negotium</strong></span> <span class='ocrx_word' id='word_1_246' title='bbox 668 4248 734 4291; x_wconf 93' lang='lat' dir='ltr'><strong>non</strong></span> <span class='ocrx_word' id='word_1_247' title='bbox 755 4227 842 4291; x_wconf 88' lang='lat' dir='ltr'><strong>ultra</strong></span> <span class='ocrx_word' id='word_1_248' title='bbox 861 4247 1042 4310; x_wconf 90' lang='lat' dir='ltr'><strong>processum</strong></span> <span class='ocrx_word' id='word_1_249' title='bbox 1061 4231 1120 4302; x_wconf 90' lang='lat' dir='ltr'><strong>est,</strong></span> <span class='ocrx_word' id='word_1_250' title='bbox 1140 4244 1199 4287; x_wconf 91' lang='lat' dir='ltr'><strong>nec</strong></span> 
     </span>
    </p>
   </div>
   <div class='ocr_carea' id='block_1_5' title="bbox 0 0 1618 5192">
    <p class='ocr_par' dir='ltr' id='par_1_5' title="bbox 0 0 1618 5192">
     <span class='ocr_line' id='line_1_36' title="bbox 0 0 1618 5192; baseline 0 1"><span class='ocrx_word' id='word_1_251' title='bbox 0 0 1618 5192; x_wconf 95' lang='lat' dir='ltr'><strong> </strong></span> 
     </span>
    </p>
   </div>
  </div>
 </body>
</html>
