3225 5192
376 679 442 742 294
688 695 849 740 orannnrr
867 695 1017 740 ruraoorr

378 815 530 899 eepimua,
553 834 591 878 ex
614 809 785 897 preteritis
806 810 918 874 futura
937 809 1158 894 conjicientes,
1172 810 1214 874 de
1227 817 1333 876 vestra

379 917 420 982 ad
434 936 546 981 omnen
560 913 719 980 modestia
731 933 790 998 per
804 913 914 978 omnia
926 911 1010 978 bene
1024 918 1201 996 wentae,
1223 931 1333 995 praeeo

379 1019 577 1084 excellentiae
591 1024 715 1097 vestrae,
730 1022 854 1100 quanta
867 1015 985 1080 aoimna
998 1022 1033 1080 et
1047 1035 1219 1100 maruno
1238 1015 1332 1080 offae·

379 1121 469 1186 tione
490 1119 693 1206 porrigimur,
708 1126 747 1184 ut
767 1118 920 1184 olerioum
938 1125 1081 1182 veatrmn
1102 1124 1137 1183 at
1157 1124 1333 1200 oogmtum

380 1231 528 1290 nostrum
552 1225 606 1288 W.
632 1222 749 1302 Foliot,
775 1243 873 1305 quem
901 1221 1011 1286 minna
1038 1219 1183 1304 benigno
1205 1219 1334 1304 jamdiu

381 1326 612 1412 penninxiatia
626 1325 729 1406 ouulo,
745 1325 937 1390 clementina
950 1323 1137 1408 reapidatie,
1152 1331 1188 1388 et
1206 1324 1244 1388 in
1260 1322 1333 1388 ooli·

380 1439 460 1508 tam,
476 1427 633 1512 eiplaoet‚
647 1425 785 1511 gratiam
799 1425 989 1490 admittatis.
1036 1424 1123 1490 Setia
1142 1432 1202 1504 eet,
1220 1425 1248 1490 ai
1266 1425 1333 1508 pla-

382 1537 444 1611 eet,
461 1530 547 1616 quod
568 1529 767 1594 immeritum
789 1527 946 1592 affiixietia
962 1528 1098 1613 jamdiu,
1117 1535 1153 1593 et
1173 1528 1335 1612 patienter

382 1634 492 1700 omnia
511 1633 725 1700 sustinentem
743 1631 932 1698 humiliatis.
975 1631 1153 1696 Exooeaum
1170 1632 1242 1717 ejua
1262 1630 1336 1696 nul·

382 1738 451 1803 lum
465 1737 618 1816 fortaaeir,
634 1742 693 1802 aut
706 1741 793 1802 oerte
807 1734 982 1814 modicam,
996 1755 1105 1800 nevere
1126 1734 1334 1819 oorripnirth,

383 1846 417 1906 et
436 1841 472 1906 in
491 1839 642 1906 omnibus
661 1839 712 1904 hia
732 1838 836 1904 filium
854 1839 1016 1924 sapienter
1030 1837 1191 1902 erudiatis.
1236 1837 1335 1902 Unde

382 1965 456 2010 enm
468 1944 537 2030 jam
551 1941 675 2008 vulneri
694 1943 806 2006 vinum
826 1940 1031 2007 abundanter
1043 1939 1263 2020 infrmderitie,
1278 1939 1333 2004 ob-

383 2071 544 2114 aeeramua
565 2055 604 2112 nt
625 2047 731 2113 oleum
753 2048 794 2112 de
815 2054 931 2113 ooetero
953 2045 1142 2127 admittatiq
1158 2055 1198 2111 ut
1219 2047 1334 2112 clerieo

382 2158 488 2216 vestm
508 2149 673 2215 subtracta
693 2149 756 2214 eibi
776 2150 872 2235 plene
893 2149 1103 2229 reatitumdo,
1118 2158 1153 2215 et
1173 2150 1281 2234 iprum
1302 2157 1336 2214 et

383 2274 452 2333 noa,
467 2261 502 2318 et
516 2259 628 2316 nostra
641 2253 669 2316 ei
683 2253 798 2336 plaoet,
814 2253 857 2318 ad
870 2251 1001 2318 libitum
1014 2253 1171 2319 habentia.
1209 2253 1333 2320 Valete.

406 2561 628 2627 EPIS'POLA
650 2561 866 2626 colli-in
881 2583 908 2626 r.
925 2582 1092 2628 oaorumr
1108 2583 1322 2629 Auernum.

388 2713 545 2780 Gilbertur
558 2714 620 2780 Dei
630 2715 739 2797 qratia
752 2713 976 2778 nomme
989 2713 1159 2798 episcopm,
1173 2715 1206 2780 J.
1222 2715 1336 2780 decano

703 2817 741 2880 de
755 2818 859 2900 Aayy,
874 2817 1015 2880 animem.

428 2969 635 3033 Aomvnrna
655 2975 689 3034 et
707 2988 766 3052 pro
784 2972 875 3034 certo
894 2967 1087 3052 weepimna,
1103 2969 1337 3054 quodquidam

386 3070 564 3136 raeerdotea
593 3071 658 3136 eive
687 3069 815 3136 diaeoni
838 3069 880 3135 de
905 3069 1067 3136 amatu
1088 3079 1205 3150 veotro,
1228 3079 1338 3156 spreta

385 3169 514 3254 penitus
543 3177 577 3236 et
606 3171 732 3255 abjecta
760 3170 981 3237 admonitione
1013 3180 1133 3252 neena
1164 3173 1339 3240 interdieta

386 3269 447 3336 ribi
464 3273 670 3340 foemimm
691 3274 854 3340 eonroitia
875 3295 1081 3360 nequequam
1103 3275 1259 3357 devitant,
1281 3277 1338 3341 aed

386 3381 514 3441 anenata
533 3375 786 3444 oououbinarum
805 3397 938 3442 enarum
957 3377 1171 3444 contubernia
1188 3386 1258 3443 tam
1276 3379 1337 3442 im·

385 3479 546 3563 pudenter
567 3481 673 3546 adhue
695 3481 793 3546 etiam
815 3502 913 3564 qnam
936 3480 1149 3547 irreverenter
1169 3481 1279 3548 ioreut
1302 3489 1337 3547 et

385 3581 603 3664 frequentent.
649 3583 747 3648 Unde
768 3603 812 3648 ne
833 3584 990 3668 patientie
1010 3593 1132 3666 nostra,
1147 3608 1244 3670 quam
1262 3593 1335 3651 tau·

384 3690 419 3748 to
454 3689 531 3747 eunt
565 3683 657 3748 abnui
692 3693 847 3769 tempore,
876 3686 1026 3752 trahatur
1057 3688 1100 3753 ad
1133 3709 1336 3766 eonaenanm,

385 3807 442 3871 per
456 3788 628 3870 prasentia
639 3789 729 3854 vebia
743 3789 863 3874 eoripta
882 3789 917 3854 in
934 3791 965 3854 ri
984 3791 1176 3858 obedientie
1192 3793 1336 3878 praecipi-

385 3889 470 3954 endo
498 3889 701 3970 maudamue,
725 3893 879 3976 qrntinua
903 3914 1016 3959 omnen
1044 3894 1190 3979 predicti
1214 3894 1336 3960 ordinis

384 4013 536 4077 perrenae
560 3993 596 4060 in
621 4001 726 4060 vestro
752 3995 911 4061 decanam
936 3997 1141 4076 eomtitntae,
1164 4019 1239 4084 quea
1267 4005 1338 4067 tam

384 4096 498 4162 infami
517 4096 670 4162 societate
690 4103 724 4162 et
743 4097 970 4178 familiaritate,
985 4105 1055 4164 tam
1074 4099 1186 4167 illieite
1202 4101 1337 4168 irretitae

384 4203 573 4279 noscuntur,
596 4205 629 4264 et
653 4197 758 4264 adhue
781 4199 972 4284 illaqueatae,
996 4202 1189 4269 andoritate
1214 4204 1278 4268 Dei
1303 4211 1337 4269 et

384 4309 495 4368 nostra
514 4324 534 4367 a
553 4302 741 4369 sacerdotali
760 4310 793 4368 et
813 4325 834 4368 a
852 4305 979 4371 levitico
998 4305 1202 4390 suspendatis
1221 4307 1335 4386 officio,
