3225 5192
233 719 298 764 sn.
314 693 517 781 llus-48]
565 715 777 762 oaoorsrarar
792 670 967 764 srrsrorrl.
1143 699 1185 764 1⁷

231 837 308 901 Non
330 835 419 900 enim
442 833 497 918 qui
519 832 694 916 egreditur,
715 833 845 898 delicias
866 832 976 898 statim
997 831 1184 918 accipitre·

231 937 412 1022 promissas.
456 936 544 1000 Nam
575 935 726 1000 Jordanis
750 935 805 1000 ille
831 936 1071 1015 famosissimus,
1094 935 1183 1019 virga

230 1041 363 1106 Domini
377 1039 608 1124 percussus,iu
628 1037 1182 1123 redivisusestetquseasinistris

230 1149 322 1208 erant
343 1163 444 1226 aquae,
464 1142 589 1225 impetu
609 1161 666 1204 suo
686 1142 721 1205 in
740 1161 830 1206 mare
848 1143 981 1226 prolatae
1002 1149 1090 1222 sunt,
1110 1163 1182 1225 quae

228 1267 302 1310 vero
317 1268 338 1310 a
352 1245 483 1324 dextris,
497 1243 534 1308 in
547 1265 651 1308 unum
665 1244 817 1324 collectae,
832 1266 901 1310 sese
915 1266 1044 1311 sursum
1058 1246 1180 1310 extule-

227 1355 316 1412 runt.
371 1347 476 1430 Virga
504 1346 638 1411 Domini
665 1352 715 1410 est
743 1353 852 1412 totum
879 1369 944 1432 quo
971 1347 1181 1432 percutimur.

231 1449 374 1518 Quidam
403 1451 491 1516 enim
516 1469 655 1534 corpore,
682 1449 737 1514 alii
766 1449 882 1534 spiritu
909 1450 1099 1534 fatigantur,
1125 1449 1182 1516 sed

228 1555 303 1620 filiis
334 1553 471 1619 dextere
500 1553 609 1619 omnia
636 1560 852 1637 cooperantur
875 1553 912 1618 in
935 1553 1069 1619 bouum.
1114 1552 1182 1619 Qui

229 1658 296 1722 sive
318 1655 448 1722 adversa
469 1656 510 1721 de
531 1677 632 1720 mauu
656 1655 790 1720 Domini
816 1654 1001 1740 suscipiant,
1025 1676 1084 1720 sou
1107 1675 1181 1738 pro-

229 1781 330 1845 spera,
346 1781 367 1824 a
381 1759 557 1844 gratiarum
574 1758 700 1824 actione
714 1780 781 1824 non
795 1759 961 1839 recedunt,
976 1757 1034 1824 sed
1052 1779 1180 1824 sursum
1292 1831 1296 1838 ,

227 1864 371 1929 levantes
393 1885 458 1942 cor,
476 1863 512 1928 in
531 1861 650 1928 coelum
670 1862 846 1947 principale
866 1863 987 1927 mentis
1007 1863 1178 1927 extollunt.

229 1966 385 2034 univero
401 1965 570 2032 asinistris
590 1971 678 2045 sunt,
698 1965 734 2030 hi
753 1965 794 2029 ad
813 1972 942 2050 tempus
960 1965 1107 2044 credunt,
1123 1965 1180 2030 sed

226 2076 374 2154 tempore
388 2069 576 2134 tentationis
590 2069 757 2136 recedunt.
798 2066 865 2135 Qui
878 2090 952 2134 vero
966 2069 1065 2153 virgae
1077 2069 1180 2134 levem

228 2193 295 2236 non
308 2172 450 2236 ferentes
466 2171 578 2249 ictum,
595 2170 659 2236 cito
677 2169 891 2254 perlabuntur
908 2177 944 2236 et
962 2172 1108 2251 effluunt,
1123 2171 1180 2238 ad·

230 2275 388 2358 mixtique
407 2273 563 2358 salsugini
576 2273 734 2356 vertigine
747 2273 933 2354 miserabili,
948 2275 1181 2360 demerguntur

230 2385 262 2444 et
274 2384 424 2462 pereunt.
469 2376 568 2441 Unde
584 2377 666 2440 milri
685 2377 726 2441 de
745 2377 900 2460 corporali
913 2385 1099 2444 sanctorum
1114 2380 1179 2446 col-

227 2480 312 2564 legio
332 2479 462 2564 gloriari
480 2500 548 2543 non
566 2478 776 2563 permittitur,
791 2477 854 2543 nisi
869 2479 978 2544 studia
992 2487 1178 2546 sauctorum

228 2584 342 2647 caritas
361 2582 398 2647 in
416 2603 468 2646 me
488 2581 623 2646 sollicita
638 2581 820 2647 consideret
833 2589 867 2648 et
880 2582 1037 2648 imitetur.
1082 2583 1180 2649 Istud

227 2685 308 2750 mihi
321 2684 375 2769 pio
390 2683 535 2768 suggeris
549 2684 617 2768 ipae
631 2684 773 2764 consiliu,
789 2685 868 2750 dum
885 2685 989 2770 pisces
1007 2686 1088 2750 mihi
1102 2686 1179 2750 diri·

228 2789 277 2871 gis
299 2793 458 2852 extractos
480 2786 521 2851 de
541 2786 711 2870 profundo,
727 2787 784 2852 sed
797 2793 953 2866 mortuos,
968 2787 1086 2852 docens
1102 2809 1179 2871 pru·

227 2890 426 2968 lentissime,
441 2895 479 2954 ut
498 2910 627 2954 caveam
646 2910 689 2954 ne
708 2888 749 2954 de
768 2889 929 2974 profundo
942 2890 1042 2955 seculi
1055 2896 1179 2954 extruc-

142 3063 145 3070 ,
226 2999 290 3073 tus,
313 3013 394 3076 opus
416 2992 529 3056 mortis
550 2993 724 3057 incurram.
768 2993 857 3057 Nam
878 2994 975 3078 longe
997 2993 1091 3060 aliter
1112 3013 1180 3060 sure

228 3096 413 3180 piscationis
438 3115 518 3179 opus
541 3102 653 3160 noster
680 3096 821 3179 piscator
845 3104 982 3162 exercet.
1034 3099 1077 3163 In
1104 3120 1178 3183 pcc-

227 3205 298 3261 outo
312 3205 467 3276 mortuos,
482 3197 596 3280 piscari
615 3199 705 3262 novit
725 3199 767 3262 ad
786 3199 894 3265 ritum.
940 3201 1038 3266 Unde
1053 3203 1109 3286 qui
1123 3223 1177 3268 ex·

225 3307 349 3364 tructus
374 3299 520 3378 moritur,
543 3299 630 3364 intra
655 3321 783 3384 sagense
803 3301 903 3386 ipsius
928 3306 1086 3370 ambitum
1109 3329 1177 3373 non

226 3408 369 3466 tenetur.
414 3401 509 3466 Quod
531 3423 606 3466 vero
631 3401 712 3468 duos
737 3403 864 3483 misisti,
886 3427 1042 3490 magnum
1062 3429 1177 3490 unum,

226 3525 362 3590 parvum
385 3503 533 3583 alterum,
555 3525 614 3594 sua
641 3505 723 3570 mihi
746 3505 977 3590 significatione
997 3509 1196 3594 jocundum·

227 3613 285 3686 est,
301 3614 335 3671 et
349 3607 421 3690 ipsa
432 3606 593 3671 mittentis
606 3606 788 3674 intentione
799 3609 982 3694 jocundius.
1019 3614 1178 3700 Principis

227 3707 444 3792 apostolorum
457 3708 583 3774 labores
597 3710 677 3773 mihi
691 3711 844 3796 mysticos
858 3721 1077 3798 representas.
1122 3719 1178 3802 Ip·

228 3831 298 3876 sum
323 3811 375 3876 bis
400 3811 569 3895 piscationi
595 3812 720 3878 dedisse
745 3835 885 3898 operum,
909 3819 1093 3902 evangeliea
1114 3821 1178 3888 lee-

226 3913 314 3978 tione
329 3913 563 3997 cognoscimus.
593 3916 636 3980 In
649 3916 762 4000 prima,
778 3917 820 3983 ob
834 3918 1078 3987 multitudinem
1092 3925 1177 4009 copi&

228 4036 316 4081 osam
334 4023 406 4082 rete
425 4017 557 4082 scissum
577 4025 636 4084 est.
681 4019 724 4083 In
742 4020 884 4086 secunda
901 4023 1035 4107 plenum
1050 4027 1179 4110 mugnis

227 4118 366 4201 piscibus
385 4119 426 4183 ad
445 4120 539 4185 littsu
552 4142 655 4206 usque
669 4128 878 4205 pertractum.
921 4126 1032 4192 Prima
1044 4129 1179 4212 piscatio

227 4222 372 4286 omnium
397 4223 521 4288 vocatio
547 4229 597 4288 est
607 4249 618 4303 ;
648 4226 789 4291 secunda
810 4233 860 4292 est
882 4229 1057 4294 electorum
1077 4229 1180 4293 invita

226 4321 432 4392 introductio.
467 4325 567 4394 Unde
581 4327 685 4414 primo
699 4335 787 4394 recto
801 4335 871 4395 rete
884 4332 1055 4416 rumpitur,
1070 4330 1147 4416 quia
1161 4353 1181 4398 a

697 4451 715 4494 o
