3225 5192
192 726 198 739 ·
245 714 312 760 sm.
333 683 529 778 1161-89.]
578 703 1032 805 tonbamtslserrsropm
1130 692 1200 762 813

247 830 324 896 elmi
347 799 492 908 Guiafre,
512 817 585 912 cnse
608 800 652 894 iu¹
666 843 757 910 snam
779 817 948 912 reciderat·
961 820 1103 925 maurim,
1125 851 1201 896 cum
1278 879 1283 889 .

245 933 314 998 tilia
336 931 511 1004 etheredo
533 927 681 1018 'ejusdem
702 931 873 1010 willemi,
894 931 1110 1024 primogenite
1125 933 1203 1003 a&
1249 982 1254 992 .
1359 937 1369 952 '

247 1055 307 1100 suo
322 1031 464 1106 coenem
479 1035 646 1122 concessit,
661 1031 761 1098 filiam
775 1038 905 1118 quoqde
918 1038 1012 1100 suam
1024 1035 1202 1133 honorifice

248 1139 411 1218 maritare,
425 1137 590 1220 nobilique
605 1137 721 1201 marito
736 1143 770 1202 et
784 1135 901 1218 grandi
913 1136 1094 1221 maritagio,
1110 1137 1202 1222 regia

246 1241 440 1320 liberalitate
464 1239 637 1306 nobilitare
659 1239 791 1304 curarit.
836 1239 911 1306 Qus
932 1240 968 1304 in
991 1260 1028 1306 re
1049 1247 1087 1306 et
1115 1241 1199 1325 regit
1306 1309 1315 1331 ,

246 1365 315 1408 non
327 1343 480 1407 inmerito
493 1341 645 1408 laudatur
663 1341 894 1420 munificrnu’a,
909 1350 943 1406 et
961 1344 1064 1427 patris
1082 1342 1210 1409 nihilo·

248 1446 356 1510 minus
375 1445 543 1529 diligentis
561 1443 797 1528 comprobatur.
841 1444 931 1510 Quis
950 1444 1110 1527 qm'bene
1131 1467 1199 1511 me·
1253 1502 1263 1523 ,

248 1555 339 1612 retur
357 1553 390 1612 et
410 1547 466 1632 qui
483 1546 570 1612 bene
582 1553 777 1626 remuneret,
793 1553 930 1630 uterque
943 1547 1125 1612 laudandus
1139 1555 1198 1613 est.

250 1651 403 1734 Superest
432 1649 538 1714 adhue
566 1645 652 1714 filius
682 1651 772 1728 alter,
804 1669 900 1732 quem
929 1650 1031 1714 literis
1062 1651 1199 1731 erudire,
1312 1699 1333 1726 ..
1359 1655 1368 1674 ⁶

250 1775 346 1836 quem
365 1754 436 1818 Deo
455 1753 581 1832 dedere,
598 1773 695 1842 quem
715 1751 933 1835 ecclesiastico
952 1753 1057 1817 ordini
1077 1755 1199 1818 manci-

249 1877 325 1940 pare
340 1857 522 1922 destinavit.
551 1855 605 1922 Ad
620 1855 713 1941 cujus
728 1856 960 1938 promotionem
977 1857 1052 1939 quia
1065 1863 1202 1940 paterna

250 1980 317 2023 non
346 1967 491 2043 possunt,
515 1979 575 2024 nec
604 1955 725 2026 debent
755 1958 908 2042 obsequia
932 1959 1111 2042 suffragari,
1134 1981 1201 2025 una

250 2068 322 2146 post
348 2063 456 2126 Deum
480 2084 545 2146 spe,
570 2063 750 2147 specialiter
773 2061 816 2127 ad
838 2082 898 2126 nos
921 2061 1002 2125 duos
1027 2083 1201 2145 suspensus

251 2172 309 2244 est,
326 2166 411 2249 quod
431 2185 542 2232 curam
562 2167 631 2251 ejus
652 2166 780 2244 habere,
801 2165 926 2249 ipsique
945 2171 1076 2248 propter
1093 2166 1201 2231 Deum

251 2267 415 2350 providere
430 2267 613 2334 debeamus.
648 2269 699 2334 Ob
714 2269 799 2333 hanc
813 2268 915 2351 igitur
928 2288 1060 2332 causam
1073 2289 1146 2332 mea
1160 2268 1201 2332 ed

252 2391 306 2434 vos
319 2371 481 2454 legatione
495 2371 652 2454 fungitur,
667 2379 706 2436 ut
728 2371 867 2455 gratiam
887 2393 984 2455 quam
1005 2393 1071 2436 non
1090 2371 1202 2454 despe-

251 2481 424 2551 ratense,
445 2495 518 2538 mea
536 2481 648 2538 tamen
669 2475 849 2558 promptius
871 2474 959 2557 apud
980 2494 1035 2537 vos
1056 2473 1202 2539 obtineat

253 2577 491 2642 intercessione.
529 2578 626 2642 Pater
640 2578 749 2660 itaque
762 2598 821 2660 pro
835 2577 911 2654 filio,
927 2597 988 2659 ego
1001 2595 1060 2659 pro
1074 2583 1202 2660 nepote,

254 2680 349 2745 ambo
363 2701 422 2763 pro
436 2687 548 2744 nostro
563 2680 650 2744 vobis
666 2678 826 2762 abnepote
841 2680 1066 2763 supplicamus,
1077 2687 1116 2744 ut
1130 2701 1204 2764 quae

253 2791 388 2865 paterna
401 2778 527 2847 devotio
543 2783 657 2847 divinis
673 2783 839 2866 deputavit
858 2782 1028 2866 obsequiis,
1044 2788 1158 2847 vestrae
1176 2785 1205 2847 si

251 2885 357 2969 placet
380 2885 521 2950 ecclesiae
546 2885 650 2950 titulis
677 2885 851 2965 ascribetis,
876 2885 967 2950 etin
991 2885 1204 2950 hereditatem

252 2995 396 3052 sanctam
422 2989 517 3053 etin
543 2988 789 3053 ecclesiasticam
814 2988 970 3053 familiam
998 2988 1205 3072 prestatione

252 3092 419 3175 praesentis
442 3113 499 3155 seu
520 3091 622 3155 futuri
643 3092 854 3174 promissione
875 3091 1032 3170 beneficii,
1048 3090 1204 3154 adscisce·

252 3195 304 3273 tis,
320 3201 359 3258 ut
380 3193 562 3258 sollicitudo
580 3195 692 3278 patris,
708 3216 780 3278 quae
798 3203 871 3260 tota
889 3195 1008 3260 resedit
1024 3195 1062 3260 iu
1075 3194 1154 3281 filio,
1168 3215 1205 3258 re

252 3298 323 3382 ipse
337 3297 387 3360 vel
402 3319 457 3380 spe
473 3297 587 3362 saltem
602 3299 779 3363 exhilarata
792 3299 935 3382 respiret.
978 3297 1053 3380 Qua
1066 3299 1102 3362 in
1116 3320 1162 3376 re,
1177 3299 1205 3362 si

253 3421 327 3465 mea
342 3399 429 3466 vobis
443 3400 590 3485 improba
604 3402 731 3466 videtur
750 3410 783 3466 et
803 3423 938 3467 onerosa
950 3401 1074 3484 petitio,
1089 3401 1204 3465 scitote

254 3505 329 3586 quia
342 3502 431 3568 vobis
445 3505 601 3588 fratrique
622 3512 738 3584 vestro,
754 3505 884 3569 domino
898 3505 1062 3569 Willelmo
1076 3505 1117 3568 de
1132 3504 1205 3568 cai·

254 3615 330 3672 neto
349 3607 383 3671 id
402 3608 509 3690 potius
529 3608 689 3692 imputare
709 3607 842 3673 debetis.
887 3609 958 3690 Ego
977 3628 1118 3692 namque
1133 3609 1205 3672 Bri-

254 3710 401 3774 tauniam
423 3710 615 3789 nesciebam,
639 3711 789 3776 Britones
812 3733 878 3776 non
900 3731 1059 3790 noveram,
1076 3715 1116 3776 R.
1133 3714 1205 3777 Bri·

255 3813 341 3875 tonis
362 3833 469 3894 neque
490 3813 617 3892 notitia,
641 3835 746 3896 neque
768 3826 888 3878 nomen
912 3814 954 3877 ad
978 3836 1030 3878 me
1054 3837 1206 3897 pervene-

253 3919 315 3992 rat,
330 3915 411 3998 quin
428 3937 482 3978 vos
503 3915 567 3979 duc
586 3916 679 3980 illum
698 3917 779 3979 mihi
799 3917 1050 3995 commendastis
1071 3918 1113 3980 ad
1133 3939 1205 4000 gra·

254 4017 345 4094 tiam,
362 4018 529 4101 multaque
549 4019 717 4101 diligentia
730 4019 766 4082 in
780 4019 953 4082 amicitiam
970 4027 1003 4083 et
1017 4020 1207 4084 affinitatem

256 4119 362 4201 gentis
388 4126 507 4184 nostrae
530 4121 711 4199 induxistis,
736 4141 837 4203 eaque
866 4122 947 4185 mihi
972 4121 1208 4186 necessitudine
1288 4134 1297 4156 ·

256 4221 508 4302 ccnfoederastis,
528 4231 566 4288 ut
588 4245 655 4288 non
676 4225 744 4308 jam
767 4224 956 4308 improbitas
979 4223 1130 4287 aestimari
1154 4224 1207 4288 de-

257 4324 342 4404 beat,
359 4325 416 4390 sed
431 4327 526 4390 officii
539 4327 642 4410 magis
657 4328 828 4392 necessitas
842 4349 900 4410 pro
915 4327 984 4410 ipso
998 4332 1112 4390 vestrae
1133 4347 1208 4410 sup·
