3225 5192
219 702 286 746 sn.
307 684 505 772 lut—dl]
551 705 830 752 naaaronnrsrsrs
844 706 1020 752 seurota.
1113 690 1174 751 193

219 819 309 885 tione
327 820 435 885 dilecti
454 820 512 885 filii
532 822 636 887 nostri
651 822 690 885 R.
707 822 943 887 lundoniensis
957 823 1174 889 archidiaconi

217 924 407 1008 accepimus,
434 925 521 1009 quod
548 925 636 989 idem
664 946 721 991 rex
750 926 910 991 desiderat
938 927 1114 1012 plurimum
1139 935 1172 991 et

216 1028 361 1111 requirit,
376 1036 416 1093 ut
430 1036 468 1093 tu
483 1029 526 1094 ad
539 1028 799 1094 Londoniensem
814 1032 980 1095 ecclesiam
998 1030 1172 1096 transfera-

216 1134 269 1214 ris,
285 1141 324 1200 ut
343 1136 380 1199 in
399 1136 512 1201 eadem
532 1136 665 1201 ecclesia
683 1156 794 1201 cruam
815 1158 906 1220 geras
927 1144 962 1201 et
983 1137 1171 1202 sollicitudi-

217 1258 292 1301 nem
319 1240 523 1322 pastoralem.
569 1240 642 1304 Hac
664 1240 778 1324 utique
801 1261 898 1305 causa
922 1246 957 1304 et
980 1241 1171 1305 necessitate

217 1340 311 1406 nobis
330 1342 371 1405 ab
390 1342 502 1407 eodem
517 1363 593 1427 rege
606 1343 779 1428 proposita,
796 1343 883 1427 quod
900 1342 1078 1407 Londoniae
1095 1344 1170 1407 civi-

217 1450 268 1507 tas
282 1442 398 1530 regalis
412 1444 503 1510 sedes
518 1444 570 1525 sit,
587 1452 620 1510 et
638 1444 705 1529 ipse
723 1466 780 1509 rex
800 1445 1036 1509 diuturniorem
1049 1444 1170 1509 ibidem

218 1548 419 1613 consueverit
441 1555 475 1613 et
495 1549 675 1633 longiorem
697 1570 822 1613 moram
840 1548 969 1628 habere,
990 1555 1024 1613 et
1043 1549 1089 1614 ibi
1107 1548 1170 1613 fre·

218 1657 354 1732 quentcs
369 1650 527 1716 baronum
541 1673 578 1717 ac
593 1673 761 1736 procerum
780 1651 822 1716 de
841 1659 912 1716 tcto
929 1673 1031 1735 regno
1045 1652 1170 1716 soleant

219 1774 288 1818 esse
302 1762 490 1820 cenventus.
536 1755 668 1822 Quanto
688 1761 795 1820 sutem
814 1755 968 1839 praedicta
986 1754 1076 1837 regia
1093 1754 1170 1818 civi-

219 1864 270 1921 tas
289 1856 376 1923 iuter
396 1857 473 1922 alias
493 1858 586 1941 regni
601 1858 746 1922 civitates
760 1856 865 1941 magis
880 1864 930 1921 est
944 1856 1061 1922 nobilis
1076 1862 1109 1921 ct
1123 1856 1170 1919 fa·

219 1981 318 2039 mosa,
332 1968 427 2027 tanto
441 1962 605 2026 ecclesiam
620 1962 723 2045 ipsam
744 1961 784 2026 ab
803 1961 988 2040 honestiori,
1004 1967 1118 2025 ettam
1134 1960 1170 2023 in

220 2062 329 2128 divino
353 2085 451 2148 quam
472 2064 508 2129 in
531 2064 674 2129 humano
696 2065 770 2149 jure
796 2064 997 2149 prudentiori
1019 2064 1171 2148 praefatus

219 2186 275 2231 rex
289 2166 360 2251 regi
374 2166 533 2233 desiderat
547 2175 581 2233 et
595 2167 737 2253 postulat
753 2166 937 2251 gubernari.
966 2167 1055 2231 Nam
1070 2189 1171 2252 quum

220 2269 288 2353 ipse
303 2270 472 2343 canalium
492 2270 553 2336 tibi
573 2270 613 2335 de
633 2270 750 2335 animae
766 2292 833 2335 suae
847 2270 951 2335 salute
965 2271 1171 2348 commiserit,

220 2380 253 2437 te
268 2394 343 2437 cum
358 2373 420 2439 sibi
434 2396 561 2439 necesse
581 2380 630 2439 est
650 2374 810 2439 desiderat
830 2369 949 2439 habere
968 2382 1171 2459 praesentem.

223 2476 319 2541 Unde
338 2499 398 2541 nos
419 2477 449 2542 ei
467 2484 622 2562 tanquam
639 2477 802 2543 carissimo
822 2478 888 2541 filio
906 2486 1018 2543 nostro
1031 2497 1090 2561 per
1103 2498 1171 2541 om-

220 2579 276 2643 nia
291 2585 324 2643 et
337 2578 373 2644 in
389 2580 538 2645 omnibus
552 2581 589 2645 in
604 2579 721 2664 quibus
736 2580 915 2645 secundum
934 2579 1042 2643 Deum
1061 2600 1171 2662 possu-

221 2703 294 2746 mus
310 2682 467 2747 descrvire
481 2684 634 2762 volentes,
646 2690 679 2749 et
693 2684 894 2767 religionem,
909 2684 1122 2760 honestatem,
1139 2688 1173 2746 et

219 2786 420 2850 literaturam
450 2794 542 2852 tuam
571 2787 758 2871 diligentius
788 2788 1005 2865 attendentes,
1034 2794 1108 2850 voto
1138 2792 1172 2849 et

218 2890 381 2972 proposito
395 2890 494 2973 ipsius
513 2891 598 2975 regis
616 2891 653 2954 in
671 2891 732 2955 hac
750 2896 852 2975 parte,
867 2890 896 2954 si
913 2897 1025 2955 tamen
1042 2887 1172 2953 Londa

220 2992 340 3056 niensis
355 2992 488 3057 ecelesia
501 2994 562 3057 hoc
576 2994 774 3058 unanimiter
788 2992 1006 3077 postulaverit,
1021 2991 1172 3055 duximus

220 3095 440 3174 annuendum,
464 3096 660 3160 fraternitati
684 3103 751 3160 tuae
776 3116 834 3181 per
859 3095 1031 3180 apostolica
1054 3094 1173 3177 scripta

220 3196 421 3277 mandantes,
438 3198 590 3282 quatinus
608 3198 704 3283 juxta
722 3198 1005 3263 commonitionem
1027 3196 1173 3282 praedicti

218 3302 327 3365 fratris
350 3303 453 3367 nostri
476 3302 713 3387 archiepiscopi,
737 3304 778 3367 ad
800 3303 1036 3387 suscipiendam
1060 3318 1172 3366 curam

221 3411 254 3468 et
267 3406 414 3487 regimen
427 3406 527 3490 ipsius
542 3406 693 3484 ecclesiae,
709 3406 798 3470 omni
813 3406 978 3471 occasione
992 3412 1025 3469 et
1040 3426 1171 3468 excusa*

219 3508 310 3573 tione
322 3508 508 3593 postposita,
525 3509 724 3574 confidenter
739 3509 879 3588 accedas,
895 3508 925 3573 ei
939 3514 1007 3572 tam
1025 3508 1061 3570 in
1077 3506 1171 3591 spiri-

220 3610 362 3675 tualibus
392 3634 489 3695 quam
518 3612 553 3676 in
582 3611 812 3697 temporalibus
844 3611 968 3675 utiliter
996 3610 1172 3675 auxiliante

221 3714 363 3779 Domino
378 3716 572 3799 provisurus.
617 3716 709 3780 Licet
729 3735 869 3798 namque
883 3699 970 3779 illius
991 3720 1025 3778 te
1047 3713 1171 3778 noveri-

222 3840 294 3883 mus
323 3818 487 3903 religionis
517 3827 551 3884 et
579 3820 757 3885 honestatis
784 3819 929 3898 existere,
953 3825 993 3883 ut
1017 3816 1171 3881 libentius

221 3920 421 3985 ministrares
449 3921 484 3985 in
514 3922 666 4002 minimis,
697 3943 794 4005 quam
822 3920 953 3985 famosis
982 3926 1016 3986 et
1043 3918 1172 4003 magnis

221 4024 362 4088 ecclesiis
381 4024 596 4108 praemineres,
611 4046 678 4089 non
700 4024 828 4088 dubites
847 4031 959 4088 tamen
979 4044 1063 4087 onus
1083 4044 1171 4086 assu-

221 4147 318 4206 mere,
333 4127 421 4213 quod
436 4148 475 4192 ex
490 4128 605 4192 divinae
620 4127 867 4210 dispensationis
881 4127 1014 4192 arbitrio
1028 4127 1173 4189 noscitur

220 4230 398 4315 provenire.
450 4230 561 4297 Quum
591 4231 678 4296 enim
706 4230 934 4294 translationes
962 4240 1173 4312 personarum

222 4336 262 4399 de
284 4356 349 4398 uns
369 4334 410 4397 ad
431 4334 525 4399 aliam
542 4334 705 4399 ecclesiam
722 4332 843 4417 absque
857 4329 996 4394 evidenti
1017 4334 1050 4391 et
1070 4324 1173 4388 mani·

688 4463 707 4502 ο
