3225 5192
262 686 543 771 nullas-61]
587 626 891 762 'sauronam
906 704 1085 770 srrsrona.
1150 680 1214 747 137

260 848 337 895 sum
353 825 448 891 nobis
471 824 512 889 ad
533 824 660 889 veniam
683 822 796 907 utique
818 842 884 886 non
907 821 1079 885 obseraret.
1123 820 1213 885 Nam

119 994 125 1003 ,
262 928 455 1015 quanbilum
484 934 533 992 est
559 926 643 1011 quod
674 925 878 1009 deliquimus,
903 925 967 988 nisi
992 924 1067 1008 quia
1092 925 1213 989 summi

262 1033 413 1118 quaelibet
438 1032 561 1095 offensa
586 1029 735 1093 culminis
760 1049 881 1111 magna
905 1028 1035 1111 quidem
1063 1028 1214 1095 habenda

263 1138 334 1202 est?
379 1134 525 1199 Verbum
540 1131 637 1197 verbo
652 1131 887 1216 subjunximus,
902 1138 936 1195 et
949 1139 992 1196 ut
1005 1132 1042 1196 in
1057 1133 1214 1218 discepto.

261 1242 350 1305 done
364 1260 435 1303 mos
450 1245 508 1317 est,
524 1236 620 1301 simili
634 1236 738 1299 simile
752 1236 980 1319 coaptavimus.
1010 1236 1098 1301 Nam
1113 1260 1215 1323 quum

263 1342 422 1408 dixissetis
437 1342 513 1425 quia
525 1338 620 1403 nobis
639 1360 678 1403 eo
695 1358 798 1421 usque
812 1340 1034 1422 peperceratis,
1049 1342 1215 1424 respondi.¹

264 1470 346 1525 mus,
371 1447 448 1533 quia
470 1445 574 1509 multa
596 1442 794 1507 habebamus
819 1442 856 1506 in
881 1442 999 1526 quibus
1023 1444 1215 1511 sublimitati

263 1558 377 1615 vestras
404 1568 647 1633 peperceramus
676 1552 711 1610 et
738 1566 809 1610 nos.
859 1546 945 1613 Quia
969 1546 1139 1612 verborum
1164 1551 1214 1614 in·

264 1654 371 1721 fausta
395 1650 547 1729 clausula,
573 1648 722 1732 nunquid
747 1649 975 1732 incompositos
997 1650 1072 1715 vitm
1096 1660 1216 1719 nostrae
1348 1706 1356 1724 .

266 1778 380 1836 mores,
406 1761 464 1820 aut
493 1753 602 1832 animi,
626 1752 710 1837 quod
741 1748 835 1830 absit,
862 1752 949 1830 vitia,
975 1754 1098 1838 Cynica
1126 1756 1217 1822 rabie

266 1859 442 1927 mordendo
456 1856 725 1945 perstrinximus?
765 1856 872 1935 Absit,
886 1857 974 1922 utin
989 1867 1131 1925 mentem
1146 1882 1214 1926 ves-

265 1972 350 2029 tram
372 1964 440 2028 baec
462 1968 608 2046 surrepat
630 1960 747 2044 opinio,
768 1968 806 2024 ut
829 1960 1009 2044 suspicione
1030 1962 1216 2048 hujusmodi

266 2066 470 2133 confundatis
492 2064 672 2130 innoxium.
716 2064 831 2127 Testor
852 2064 1101 2130 inaccessibilem
1125 2068 1215 2133 illam

265 2171 380 2250 lucem,
403 2190 475 2254 qnae
496 2168 656 2233 bonarum
678 2168 806 2232 occulta
828 2167 986 2232 mentium
1011 2177 1159 2253 penetrat
1182 2180 1216 2239 et

267 2276 414 2353 illustrat,
429 2274 518 2337 illam
534 2292 660 2356 quoque
674 2292 880 2335 communem
900 2292 989 2353 spem
1008 2295 1105 2357 quam
1125 2298 1216 2342 sano-

267 2384 375 2443 torum
395 2384 444 2442 est
464 2376 611 2460 amplexa
630 2374 765 2453 devotio,
781 2396 841 2439 nos
855 2374 960 2439 verbis
978 2376 1040 2440 illis
1059 2378 1108 2441 nil
1127 2380 1217 2445 uliud

267 2480 470 2559 intellexisse,
490 2479 553 2543 nisi
573 2478 660 2563 quod
680 2478 784 2542 multa
806 2477 849 2541 ad
869 2498 984 2563 corpus
1004 2500 1107 2545 causoe
1129 2504 1216 2567 spec-

268 2583 380 2663 tantia,
397 2582 438 2647 ob
452 2582 663 2647 reverentiam
682 2582 780 2645 vestri
799 2581 970 2660 tacuimus,
986 2589 1019 2646 et
1039 2604 1138 2665 penes
1157 2607 1217 2651 nos

268 2708 447 2771 compressa
459 2686 635 2751 tenuimus.
679 2683 768 2749 Nam
787 2704 862 2749 cum
880 2684 921 2748 de
939 2685 1040 2749 literis
1058 2691 1218 2772 corruptis

268 2797 426 2873 ageretur,
437 2796 589 2874 poterant
600 2788 636 2853 in
646 2787 707 2852 hoc
719 2788 856 2853 articxxlo
868 2788 974 2853 multa
988 2788 1099 2853 durius
1110 2790 1217 2876 objici,

270 2902 301 2958 et
315 2914 372 2979 per
385 2892 578 2957 rhetoricam
594 2894 736 2972 auxeun,
752 2899 790 2959 ut
812 2893 890 2960 satis
903 2893 965 2977 ipsi
979 2894 1090 2974 nostis,
1105 2897 1218 2981 ampli-

269 2996 366 3061 ficari.
411 2998 559 3080 Cumque
573 2996 693 3061 eisdem
708 2996 811 3061 literis
831 3003 864 3061 et
881 2998 987 3081 juset
1007 2998 1154 3081 spoliatio
1167 3001 1217 3064 in-

269 3106 432 3179 nueretur,
456 3100 580 3163 nonin
604 3101 717 3164 caelum
744 3121 779 3163 os
803 3106 953 3165 nostrum
982 3102 1157 3186 posuimus,
1180 3094 1219 3168 ut

269 3226 399 3289 precum
413 3204 587 3269 falsitatem
601 3204 652 3269 vel
666 3205 701 3268 in
716 3204 840 3269 modico
859 3226 993 3288 arguere
1012 3228 1220 3289 praesumere·

271 3328 352 3372 mus.
398 3307 509 3374 Quum
530 3308 611 3392 juris
634 3306 753 3373 habeat
777 3307 925 3387 formula,
948 3315 986 3373 ut
1008 3308 1069 3373 etsi
1092 3332 1220 3375 sacrum

271 3412 433 3475 oraculum
456 3410 640 3496 hujusmodi
661 3418 809 3494 precator
831 3412 985 3490 attulerit,
1000 3421 1108 3478 careat
1129 3415 1220 3497 peni·

270 3522 322 3578 tus
340 3514 530 3599 impetratis.
577 3516 657 3579 Haec
676 3514 790 3580 frivola
811 3522 889 3579 sunt
910 3522 944 3579 et
965 3515 1016 3578 bis
1038 3516 1163 3596 similia,
1183 3517 1221 3582 in

271 3617 385 3701 quibus
414 3617 502 3683 vobis
530 3618 742 3702 pepercimus,
773 3617 815 3682 ad
844 3638 916 3702 quae
944 3618 1064 3682 mentis
1090 3620 1221 3684 oculum

270 3718 346 3782 dnm
376 3719 501 3784 tumide
530 3720 741 3804 loquebamur
770 3719 952 3784 habuimus.
1006 3722 1093 3786 Nam
1123 3723 1150 3786 si
1179 3724 1221 3788 ad

271 3830 397 3906 tempus
412 3830 550 3907 urgente
564 3824 698 3889 caritate
713 3824 805 3888 stulti
820 3824 897 3888 sacti
913 3846 1025 3889 sumus
1039 3824 1081 3889 ob
1095 3826 1221 3907 batres,

270 3922 325 3987 sed
346 3945 415 3988 non
436 3924 543 3989 insani
562 3933 683 4007 tamen,
703 3935 742 3990 ut
762 3926 882 4011 probra
903 3928 1080 3993 diceremus
1100 3932 1136 3995 in
1154 3951 1221 4011 vos,

270 4046 365 4109 quem
395 4048 462 4111 proe
492 4029 614 4093 oaeteris
639 4029 704 4094 buo
730 4051 832 4113 usque
858 4030 1037 4111 dileximus,
1062 4054 1222 4117 quemque

270 4128 403 4193 laudum
421 4131 527 4195 titulis
545 4132 581 4197 in
600 4134 777 4198 multorum
796 4134 950 4198 invidiam
968 4136 1155 4219 [requenter
1169 4158 1222 4199 ex·

269 4232 411 4297 tulimus.
446 4234 497 4299 De
511 4236 624 4299 vesu-is
638 4243 731 4320 pater
744 4237 879 4302 occultis
893 4238 974 4302 nulli
988 4238 1108 4302 rectius
1123 4258 1222 4323 quam

271 4335 363 4401 nobis
378 4337 474 4403 fidem
489 4338 659 4419 babebitis,
678 4362 756 4406 nam
776 4342 848 4424 quis
866 4342 956 4405 novit
975 4341 1102 4406 occulta
1120 4340 1223 4404 bomi-
