3225 5192
237 695 305 738 s.n.
324 674 521 758 nol-uu]
565 694 1010 741 nonnournusrsnrrsronn.
1125 680 1191 744 319

375 1023 597 1088 EPISTOLA
619 1023 892 1088 ccxxvi-ro
909 1045 1052 1091 nornen.

241 1173 396 1238 Gilbcrtw
419 1175 484 1240 Dei
504 1176 611 1257 oratio
632 1173 856 1238 Londooiensis
878 1176 1046 1258 episcopus,
1070 1178 1191 1242 dilectis

280 1277 341 1340 cibi
364 1278 398 1340 io
420 1279 553 1340 Domino
578 1278 816 1356 archidiaconis,
841 1278 977 1358 decom
999 1286 1030 1342 ct
1053 1281 1190 1345 omuidtu

282 1382 336 1463 qui
357 1381 391 1444 in
412 1382 590 1462 wiscopasu
609 1381 777 1445 Loodooiae
798 1382 980 1461 consutum,
995 1384 1193 1447 ecclesianam

274 1485 429 1565 melotis,
445 1484 584 1562 salutem,
596 1484 746 1566 qratiam,
761 1490 792 1546 ct
808 1484 1056 1549 benedictionem.

282 1633 419 1697 Orrrou
442 1634 545 1698 nostri
566 1655 626 1698 nos
649 1633 812 1714 admonet,
827 1641 861 1698 et
882 1622 1191 1701 hortatur'auctori·

239 1742 298 1814 tus,
309 1741 349 1800 ut
362 1734 519 1800 beneficis
533 1757 604 1819 quae
619 1735 654 1798 in
668 1743 780 1800 nostra
795 1736 923 1816 diocesi,
938 1737 1082 1802 fidelium
1097 1738 1191 1803 devo-

239 1838 285 1903 tio
299 1839 494 1923 pauperibus
510 1839 632 1904 Christi
650 1840 687 1904 in
706 1841 841 1904 caritate
863 1841 1010 1920 contidit,
1026 1848 1083 1906 unt
1098 1842 1193 1906 colle·

239 1947 313 2006 turo
334 1947 392 2020 est,
415 1941 451 2004 in
472 1949 637 2026 posterum
660 1942 738 2026 ipsis
762 1944 952 2008 confirmare
978 1951 1012 2008 et
1036 1951 1193 2028 perpetue

240 2042 413 2108 stabilitate
436 2045 636 2110 communire
658 2065 818 2110 curemus.
862 2045 1003 2111 Proinde
1026 2047 1192 2112 ecclesiam

240 2144 279 2210 de
301 2146 472 2212 Stsnduns
493 2168 567 2212 oum
589 2148 793 2231 pertinentiis
816 2149 892 2229 suis,
908 2157 942 2214 et
963 2149 1129 2215 ecclesiam
1152 2149 1192 2214 de

240 2248 470 2332 Chingesberio
491 2270 565 2314 cum
588 2251 654 2314 suis
676 2251 789 2315 itidem
812 2252 1025 2336 pertinentiis,
1041 2260 1074 2318 et
1093 2253 1193 2318 eoele-

239 2351 319 2416 sism
335 2351 375 2415 de
390 2351 530 2417 Chaucis
550 2374 625 2418 cum
646 2353 797 2419 omnibus
817 2355 858 2419 nd
878 2355 984 2440 ipsum
1002 2355 1194 2440 pertinenti·

240 2453 310 2534 bus,
327 2476 405 2539 quus
423 2455 599 2520 earundem
618 2457 808 2523 fundatores
828 2464 862 2521 et
881 2455 1028 2522 advocati
1046 2458 1194 2522 ecclesiu-

240 2579 323 2636 rum,
347 2557 429 2622 sicut
452 2578 491 2622 er
512 2559 708 2624 authenticis
723 2581 836 2624 eorum
851 2559 978 2644 scriptis
993 2559 1192 2642 agnovimus,

240 2660 310 2724 Deo
331 2667 364 2724 et
387 2667 498 2725 sancto
513 2661 667 2740 iohanni,
683 2669 717 2726 et
736 2661 890 2726 fratribus
912 2659 1079 2746 hospitalis
1098 2662 1193 2726 Jeru-

240 2763 348 2842 sslem,
364 2784 423 2848 pro
437 2771 542 2828 suaet
558 2786 690 2830 suorum
705 2764 818 2844 salute,
833 2765 871 2829 in
883 2771 1073 2848 perpetuum
1095 2763 1192 2831 desti·

241 2872 361 2931 norunt
375 2867 621 2952 eleemosynam,
637 2889 788 2933 concessu
810 2867 905 2933 nobis
927 2889 947 2932 u
968 2865 1112 2932 Domino
1127 2867 1192 2952 epi·

241 2969 359 3054 scopeli
395 2971 594 3049 auctoritate,
624 2971 811 3035 memoratis
839 2969 994 3036 fratribus
1026 2970 1193 3054 hospitalis

242 3071 455 3151 concedimus,
472 3079 505 3138 et
524 3071 584 3137 sub
604 3073 701 3157 hujus
724 3073 836 3157 scripti
856 3073 1043 3140 testimonio
1064 3074 1100 3136 in
1120 3094 1192 3157 per-

241 3180 375 3258 petuum
389 3176 626 3240 confirmamus.
673 3173 736 3240 His
750 3176 899 3256 testibus,
913 3177 1055 3260 Hugone
1070 3176 1191 3240 decano

242 3277 347 3341 suncti
366 3277 468 3356 Pauli,
485 3277 624 3343 Ricardo
644 3278 868 3344 archidiacono
887 3279 1120 3358 Oxenefordiae,
1136 3279 1193 3343 Ri-

242 3377 338 3443 csrdo
367 3380 590 3445 archidiacono
620 3381 832 3462 Colecestrisc,
862 3382 1017 3466 magistro
1045 3382 1191 3460 Nicolao‚

242 3481 395 3564 magistro
416 3483 572 3562 Wsltero,
591 3483 756 3548 Willelmo
782 3483 824 3548 de
848 3483 1004 3562 Norhuln,
1031 3482 1194 3548 cononicis

244 3585 345 3648 suncfi
375 3585 479 3664 Pauli,
506 3585 667 3652 Willelmo
697 3586 737 3650 de
766 3587 852 3667 Piro,
883 3583 1027 3651 Henrico
1056 3586 1193 3667 Pictore,

244 3686 386 3752 Roberto
412 3687 604 3768 Huscherle,
632 3688 774 3754 Rnberto
804 3689 845 3754 de
871 3689 1038 3771 Fuiehnm,
1062 3689 1195 3756 Alfredo

243 3790 545 3870 Bechet‚Wi11e1m0
561 3791 602 3857 de
616 3792 693 3873 Ver,
709 3800 743 3859 et
758 3794 891 3860 caeteris.
921 3795 1046 3860 Volete.
