3225 5192
422 665 444 726 6
666 683 828 729 ornsurrr
845 683 963 731 romor
978 684 1125 730 nsum·

421 803 484 882 bic,
510 804 582 888 quir
607 804 677 889 jem
700 803 762 870 erit
786 804 924 869 miseriae
950 803 1069 888 [linis],
1095 824 1159 887 qne
1183 803 1377 890 injuriarum

420 906 532 971 firture
556 905 712 972 sstietos?
757 906 840 973 Quis
865 907 1008 972 obstabit
1031 906 1165 971 sceleri?
1191 928 1257 992 qno
1276 909 1376 992 presi-

421 1008 519 1075 dente
533 1016 753 1095 compescetur
761 1011 940 1094 iniquitus?
969 1010 1098 1094 Nempe
1111 1009 1226 1094 cupitis
1238 1010 1376 1076 interest

420 1114 546 1197 corpori
559 1114 735 1198 providere.
778 1114 834 1179 Ad
846 1115 953 1198 ipsum
967 1118 1091 1197 spectet
1104 1113 1205 1197 portis
1220 1114 1375 1197 cujusque

420 1216 577 1280 molestie.
623 1217 696 1281 Hoc
710 1216 747 1281 in
761 1217 828 1281 ulto
847 1215 946 1280 situm
965 1221 1014 1280 eet
1035 1235 1077 1278 ne
1095 1214 1226 1280 fsllntur
1238 1215 1373 1297 intuitu,

420 1318 478 1383 sed
494 1320 608 1385 infime
622 1341 757 1404 qumque
773 1320 845 1384 visu
865 1318 1015 1383 liberiore
1036 1317 1213 1382 collustret.
1257 1319 1375 1383 Formo

419 1421 599 1501 rotundior,
618 1421 765 1486 eminens
780 1421 888 1502 stutio,
904 1441 1017 1486 sensus
1029 1420 1187 1504 impressi,
1203 1420 1380 1505 dignitatis.

418 1525 640 1590 ecclesiastice
658 1523 877 1589 ministerium
884 1549 895 1603 ;
918 1529 1008 1588 certo
1021 1522 1161 1607 quedem
1174 1523 1301 1588 ratione
1316 1524 1371 1588 de-

416 1627 569 1711 pingunt.
614 1625 660 1691 'l'e
680 1635 773 1711 peter
794 1626 859 1690 istc
878 1626 1066 1710 respiciunt,
1087 1632 1122 1690 te
1143 1626 1288 1691 lenimen
1309 1625 1371 1691 sibi

415 1727 560 1791 lamento
573 1727 761 1811 deposcunt.
796 1727 833 1791 Si
845 1733 939 1792 tenes
951 1727 1105 1792 baculum
1120 1749 1184 1812 quo
1198 1736 1370 1809 sustentes,

415 1849 484 1894 non
512 1829 608 1894 cessit
635 1829 726 1914 virga
753 1851 819 1914 quc
846 1831 997 1914 corriges.
1050 1832 1153 1896 Juxta
1179 1832 1369 1916 prophetem

416 1932 542 2016 gladius
556 1939 711 1998 exuentur
726 1939 785 1998 est.
809 1933 858 1998 Ut
873 1933 1050 2017 splendeat,
1064 1934 1197 1999 limatus
1212 1942 1271 2000 est.
1296 1936 1369 2001 Stet

414 2035 451 2100 in
465 2057 566 2101 munu
584 2037 795 2121 percutientis
812 2043 846 2101 et
860 2037 1053 2102 vindicantis
1075 2036 1246 2123 opprobrie
1266 2040 1368 2123 agmi-

414 2160 495 2204 num
517 2139 581 2204 Dei
602 2139 741 2204 Israelis.
785 2139 917 2205 Audisti
941 2140 1073 2205 etheum
1095 2140 1368 2227 improperantem

413 2242 565 2322 Domino,
580 2248 614 2307 et
627 2263 744 2307 munus
758 2248 831 2306 ttius
847 2242 888 2305 sd
902 2243 1040 2327 prelium
1054 2249 1089 2308 et
1103 2243 1222 2328 digitos
1244 2245 1286 2308 nd
1299 2245 1367 2310 bel-

414 2344 482 2409 lum
497 2366 565 2410 non
580 2345 721 2431 aptasti?
762 2345 934 2429 Numquid
950 2345 1032 2410 citro
1044 2347 1272 2412 necessitatem
1286 2354 1367 2412 stre-

412 2469 499 2513 uuus
512 2448 555 2513 cd
569 2447 646 2514 belli
665 2447 839 2514 discrimen
851 2447 1044 2513 monesoesl
1087 2447 1184 2513 Absit
1198 2449 1261 2514 hoc
1275 2471 1296 2514 e
1308 2457 1368 2515 tuo

412 2553 524 2636 glorio,
548 2574 591 2618 ne
613 2553 680 2619 tole
703 2553 857 2619 sortietur
879 2551 950 2617 lans
971 2559 1031 2617 tun
1049 2550 1264 2635 dispendium,
1286 2573 1366 2617 con-

413 2679 543 2723 sensum
555 2679 656 2742 quum
669 2658 772 2742 possis
782 2665 817 2722 et
827 2656 945 2726 debeas
958 2678 1026 2723 non
1036 2656 1157 2722 ulcisci.
1180 2655 1366 2740 etquidem

410 2761 508 2828 debes
516 2787 527 2842 ;
550 2762 627 2847 quio
638 2767 749 2847 postor
762 2782 807 2826 es.
853 2759 949 2826 Potes
958 2786 968 2840 3
990 2760 1067 2845 quic
1079 2759 1224 2843 gladium
1245 2767 1364 2844 portes.

410 2865 526 2932 Portus
540 2867 671 2951 quidem
691 2865 847 2949 gladium,
866 2872 900 2930 et
921 2864 1027 2930 omnis
1046 2870 1211 2929 urmctum
1231 2863 1365 2928 fortium

410 2969 481 3052 ipse
509 2975 543 3034 te
572 2969 690 3032 munit.
745 2969 781 3030 Si
807 2969 923 3053 queris
949 2967 1152 3051 expendium,
1182 2966 1364 3031 succinctus

409 3068 538 3133 lumbos
552 3068 588 3131 in
603 3088 677 3132 aree
690 3067 825 3131 Domini
845 3069 1025 3152 perstitisti.
1070 3068 1107 3132 si
1126 3068 1259 3132 loricam
1281 3068 1363 3134 desi·

412 3169 513 3249 derce,
525 3169 690 3252 justicium
712 3168 848 3234 induisti
866 3180 906 3234 ut
926 3169 1027 3254 gigas.
1072 3169 1108 3233 Si
1122 3169 1257 3253 gulecm,
1272 3193 1363 3256 spem

410 3293 616 3340 communem
649 3271 844 3357 prestolaris.
905 3273 942 3336 Si
977 3272 1132 3357 gladium,
1165 3295 1271 3339 sermo
1299 3276 1363 3341 Dei

409 3378 500 3443 vivus
519 3383 553 3442 et
573 3377 693 3457 efficax,
709 3375 826 3460 etipse
844 3375 885 3441 de
904 3397 960 3441 ore
978 3384 1037 3441 tuo
1054 3375 1219 3442 devorabit
1237 3399 1361 3446 carnes.

411 3482 447 3547 si
464 3482 613 3566 clipeum,
633 3480 903 3566 impugnantibus
920 3487 955 3546 te
977 3481 1056 3545 fides
1078 3481 1258 3546 orthodoxe
1273 3483 1362 3547 fure-

408 3585 507 3650 bitur.
536 3585 572 3649 Si
586 3586 805 3666 calciamenta,
821 3592 952 3671 potrum
961 3584 1181 3649 redundemus
1196 3587 1360 3670 exemplis.

409 3688 567 3753 Procedet
589 3689 681 3754 miles
702 3689 738 3753 iu
760 3695 875 3768 ossus,
895 3688 1010 3773 proelis
1023 3687 1157 3752 Domini
1170 3687 1359 3770 bellaturus,

406 3792 558 3877 procedet
569 3817 579 3872 3
611 3799 645 3857 et
671 3798 747 3876 eget
770 3812 847 3856 cum
872 3791 999 3855 fiducie
1044 3791 1169 3856 Poterit
1191 3791 1294 3857 hostis
1323 3793 1360 3857 in

404 3895 512 3978 lupide
526 3894 567 3960 de
580 3900 725 3960 torrente
739 3901 772 3960 et
786 3894 944 3986 vertigine
956 3893 1067 3959 fundae
1080 3897 1249 3981 prosterni.
1295 3894 1360 3959 Sed

405 4020 515 4065 rerum
537 4008 622 4065 sorte
646 3998 814 4084 dispendis
838 3996 1046 4083 pertimescis,
1069 4019 1112 4062 ne
1137 3998 1359 4082 multiplicetis
1438 4019 1444 4025 ·

405 4103 617 4168 incommodis
642 4109 805 4167 coacervet
830 4101 933 4166 hostis
957 4101 1101 4185 injurias.
1145 4102 1224 4167 Pius
1249 4101 1357 4181 timor,

405 4207 462 4274 sed
476 4227 595 4290 magno
609 4206 800 4286 constantie,
815 4227 894 4270 nem
908 4205 936 4270 si
949 4227 1007 4289 pro
1018 4205 1147 4292 justitio
1159 4227 1264 4287 pauco
1277 4204 1357 4269 umi-

404 4311 493 4392 seris,
509 4309 697 4376 sacrificium
719 4315 768 4374 est
788 4309 875 4395 quod
889 4309 1003 4375 fecisti.
1049 4309 1086 4374 si
1107 4315 1226 4375 cuncto
1245 4314 1356 4394 raptor
