3225 5192
294 650 358 692 mn.
377 628 573 711 nea-61]
625 650 1113 697 ursrroamsusrsnrrsroum
1183 637 1245 699 103

343 974 564 1040 EPISTOLA
585 974 813 1039 Luxu-sn
829 996 1007 1041 urarnuou
1023 998 1195 1043 nnrrussu

669 1098 868 1143 sr1soorou.

298 1228 470 1294 Venerabili
492 1228 613 1291 omino
627 1226 789 1311 fratrique
812 1231 972 1294 corummo
987 1230 1028 1295 N.
1044 1232 1168 1296 Elieaai
1182 1236 1244 1297 Dei

331 1332 439 1415 qratia
468 1332 617 1413 episcopo,
639 1329 748 1412 frater
774 1331 813 1395 G.
835 1330 1084 1414 Heresordienrir
1112 1335 1245 1399 ecclesis

335 1436 484 1513 minister,
499 1434 546 1497 aio
560 1452 685 1497 uenere
698 1440 733 1498 at
748 1436 1017 1517 comprehendunt.

334 1586 466 1649 Vrsrus
498 1591 531 1648 et
562 1584 697 1649 scientia
721 1592 845 1667 quanto
867 1586 977 1665 rarior,
1007 1606 1046 1651 eo
1076 1588 1245 1671 pretiosior

293 1698 359 1755 est:
383 1695 505 1773 quanto
520 1709 647 1771 quoque
661 1688 804 1754 soientiae
819 1695 853 1753 et
868 1688 979 1755 virtuti
993 1711 1112 1772 pauoos
1133 1692 1243 1757 admo-

293 1794 372 1857 dum
390 1811 520 1876 operam
538 1790 616 1855 dure
636 1790 809 1870 cernimus,
828 1812 868 1856 eo
887 1793 1047 1858 studiosos
1067 1795 1244 1859 earundem

293 1894 437 1981 ampliori
454 1894 632 1983 reuerentia
652 1893 766 1977 dignos
784 1894 934 1960 estimare
952 1896 1115 1962 debemus.
1160 1898 1245 1964 Inde

293 2007 342 2065 est
368 1997 453 2084 quod
477 1998 669 2081 magistrum
694 1997 874 2062 Robertum
901 1998 941 2061 de
965 1999 1069 2078 Clare,
1094 2001 1185 2085 cujus
1210 2008 1244 2067 et

291 2105 442 2169 honestas
456 2102 530 2165 vitae
549 2107 583 2165 et
602 2100 744 2165 suentiae
758 2100 886 2164 claritas
902 2100 1029 2184 jamdiu
1043 2101 1135 2167 nobis
1149 2103 1243 2168 inno·

291 2208 366 2285 tuit,
390 2202 620 2270 benevolentiae
643 2210 757 2267 vestrae
779 2204 1042 2268 commendamus
1068 2206 1244 2285 attentius,

292 2312 319 2375 si
343 2309 421 2394 quid
443 2328 612 2391 possumus
635 2306 722 2390 apud
744 2326 799 2370 voa
822 2315 984 2389 rogantes,
1005 2316 1044 2372 ut
1068 2309 1244 2389 ecelesiam,

293 2436 389 2499 quam
411 2410 471 2475 sub
493 2410 632 2474 tuitione
651 2416 757 2473 vestra
777 2409 928 2493 possidet,
948 2410 1007 2475 sibi
1029 2412 1162 2478 illaesam
1183 2413 1243 2476 im·

292 2514 574 2601 perturbatumque
588 2511 766 2596 patrocinio
780 2513 983 2577 conservetis.
1020 2514 1118 2595 Nam,
1135 2516 1163 2579 si
1176 2517 1244 2598 pla·
1247 2578 1278 2638 Ἃ

292 2627 352 2698 oet,
368 2616 493 2682 elidetis
507 2636 526 2679 e
540 2615 626 2679 facili
643 2622 750 2678 totum
766 2614 852 2697 quod
866 2614 1025 2698 objiciunt
1039 2617 1095 2699 qui
1114 2618 1154 2682 de
1173 2639 1243 2701 pos-

292 2722 432 2787 sessione
446 2718 558 2783 eadem
569 2719 638 2801 jam
654 2718 710 2781 diu
725 2738 801 2781 cum
814 2717 871 2781 illo
885 2725 1124 2802 transegerunt.
1156 2721 1242 2785 Nam

294 2826 376 2891 siout
399 2824 447 2887 rei
466 2820 618 2907 judioatoe
637 2820 682 2885 sio
704 2828 737 2885 et
763 2820 976 2885 transactioni
999 2822 1151 2887 standum
1175 2845 1245 2888 esse

292 2927 506 2994 certissimum
517 2930 575 2988 est.
605 2923 704 3008 Apud
715 2924 859 3008 judicem
874 2945 942 2988 uon
956 2944 1115 3008 praesumo
1129 2926 1244 2990 doeen-

292 3035 334 3098 tis
356 3031 506 3107 officium,
529 3048 640 3092 verum
664 3048 703 3092 ex
726 3026 832 3112 primo
852 3029 1048 3112 postulantis
1072 3030 1243 3110 affectum

293 3158 350 3221 pro
376 3133 478 3199 amico
503 3130 640 3215 postulo,
664 3130 720 3195 sed
746 3130 774 3194 si
800 3131 886 3215 apud
911 3132 1060 3210 amioum,
1084 3133 1187 3197 fatear
1216 3134 1244 3198 si

293 3238 439 3303 obtinere
453 3253 610 3298 meruero.

327 3561 548 3630 EPISTOLA
574 3560 821 3624 Luxu-sn
838 3580 1025 3625 rnnonrmr
1042 3580 1207 3625 nucuuou

647 3682 886 3725 uuanronmn.

293 3821 391 3882 Pater
410 3813 600 3878 Venerabilis
621 3813 778 3877 Gilbertm
797 3810 963 3893 Heresord.
986 3812 1159 3894 Episcopm
1180 3815 1243 3895 epi·

334 3920 445 3984 stolam
474 3918 555 3979 tuae
579 3916 701 3979 domim
730 3916 895 3996 Βαᾶιιῖρήο
924 3916 1050 3979 Deeono
1078 3914 1243 3997 Heresord.

336 4020 519 4085 tramisit.

335 4171 366 4234 A
387 4190 427 4233 rn
447 4169 544 4251 longe
563 4164 660 4251 positi
678 4171 752 4229 tuas
772 4186 840 4230 non
858 4167 898 4234 de
916 4166 1014 4249 longe
1033 4164 1244 4230 contumelias

293 4272 483 4356 experimur,
497 4270 569 4353 ipso
587 4268 704 4333 doloris
726 4265 976 4332 transverberati
998 4266 1104 4349 gladio
1124 4285 1188 4348 quo
1210 4273 1244 4330 te
