3225 5192
284 713 349 758 nn.
370 693 567 781 uel-se]
613 713 1042 763 norrooumuusurrarour„
1171 701 1237 764 309

422 1035 644 1102 EPISTOLA
666 1033 932 1101 ocrim-nn
948 1057 1092 1102 reanum

329 1189 367 1250 G.
383 1187 498 1252 decom
513 1193 543 1250 et
558 1188 617 1252 toti
632 1187 767 1270 capitulo
782 1185 1032 1268 Herefordieeais
1046 1190 1188 1268 eccleot'oe,

585 1291 715 1353 sulutem
729 1291 763 1354 iu
777 1290 924 1354 Domino.

326 1439 458 1504 Maesa
474 1439 614 1524 quadem
628 1440 799 1506 securitate
818 1439 1076 1506 benevolentiam
1093 1452 1231 1507 vestram

283 1549 316 1608 et
335 1544 472 1627 gratiam
492 1564 616 1627 semper
635 1542 852 1622 vendicamus,
873 1542 1009 1626 ideoque
1028 1563 1104 1608 eum
1122 1551 1234 1610 nostra

282 1666 339 1710 seu
361 1653 546 1711 nostrorum
564 1645 738 1710 neeessites
758 1645 913 1728 efflagitat
933 1645 1119 1724 amicornm,
1134 1647 1233 1712 conli-

280 1747 394 1812 denter
407 1747 449 1813 ad
462 1769 519 1812 vos
532 1747 743 1830 ingredimur,
759 1767 835 1810 eum
851 1746 942 1811 omni
961 1767 1017 1831 spe
1035 1748 1231 1831 impetrandi

282 1850 432 1934 quiequid
447 1850 550 1914 amieo
564 1856 673 1933 potest
693 1855 727 1913 et
747 1848 843 1914 debet
862 1849 1039 1914 amicorum
1053 1847 1169 1914 caritas
1181 1850 1231 1914 in·

282 1953 422 2036 dulgere.
468 1953 509 2017 R.
526 1952 683 2036 siquidem
697 1973 798 2036 nepos
812 1958 932 2030 noster,
946 1959 1115 2036 vesterque
1136 1974 1230 2020 cano-

280 2056 381 2134 nieus,
404 2057 445 2120 de
466 2057 631 2140 proposito
656 2077 714 2120 suo
737 2062 771 2120 et
794 2055 927 2121 oonsilio
947 2064 1068 2136 nostro,
1090 2078 1148 2141 per
1168 2056 1233 2122 Dei

280 2159 417 2242 gratiam
439 2159 619 2224 studiorum
642 2179 738 2223 causa
758 2179 864 2242 nuper
882 2159 1149 2225 transfretaturus
1169 2165 1229 2226 est

280 2261 418 2326 Proinde
430 2261 555 2326 dilectae
565 2260 658 2326 nobis
673 2267 707 2325 et
721 2260 895 2344 diligendae
905 2281 1031 2346 semper
1040 2262 1077 2326 in
1088 2262 1230 2328 Domino

279 2364 480 2428 universitati
500 2370 615 2429 vestrae
635 2383 745 2447 preces
767 2362 885 2428 obnixe
906 2364 1110 2448 porrigimus,
1126 2365 1229 2449 quati-

278 2489 340 2531 nus
364 2467 488 2531 intuitu
509 2472 578 2531 tam
603 2464 785 2531 favorabilia
808 2466 974 2549 propositi,
996 2473 1179 2551 nostrasque
1202 2468 1231 2532 si

277 2570 383 2654 plaoet
402 2570 567 2654 petitionis
583 2570 779 2648 interventu,
793 2589 896 2633 unam
914 2569 999 2633 hane
1017 2568 1111 2633 nobis
1129 2569 1228 2635 lieen-

277 2673 356 2738 tiam
369 2673 574 2756 indulgeatis,
590 2672 659 2737 sine
674 2671 890 2737 diminutione
903 2670 1134 2737 beneficiorum
1147 2693 1229 2757 prae·

277 2776 390 2843 bendae
410 2797 486 2856 suae,
499 2797 660 2860 suumque
679 2775 812 2840 interim
830 2775 1010 2840 absentiam
1032 2796 1107 2840 eum
1128 2776 1180 2839 sui
1200 2777 1229 2841 si

276 2880 380 2963 placet
401 2879 615 2944 indemnitate
634 2884 819 2943 excusatam
838 2878 993 2958 habeatis,
1007 2885 1047 2942 ut
1066 2885 1099 2943 et
1120 2879 1228 2962 ipsum

278 2983 389 3047 vestris
412 2983 609 3047 devotiorem
632 2980 792 3065 obsequiis
818 2988 852 3046 et
875 3003 936 3047 nos
958 2981 1047 3047 vobis
1075 3002 1134 3065 pro
1157 2981 1228 3065 ipso

277 3085 438 3169 amplioris
464 3084 577 3169 gratiae
601 3083 761 3148 debitores
787 3084 941 3149 efficiatis.
986 3085 1077 3149 Bene
1099 3084 1228 3149 valeant

277 3188 406 3272 singuli,
420 3188 504 3253 bene
518 3189 647 3252 valeant
662 3195 695 3252 et
710 3187 861 3252 universi.

311 3507 532 3574 EPISTOLA
554 3507 836 3574 cumn-m
852 3526 1045 3572 urrunnun
1061 3526 1191 3570 asunl-

567 3631 721 3690 yrnnsru
737 3631 938 3676 rrrscoruu.

282 3762 456 3826 Venerabili
477 3763 598 3826 manino
612 3761 773 3844 fratrique
790 3765 824 3826 io
841 3763 964 3825 Otoieto
986 3762 1146 3826 consumo
1165 3761 1228 3825 Ub-

319 3863 406 3928 trodo
428 3864 489 3926 Dei
506 3863 616 3945 pratia
639 3861 878 3946 [memmae]
899 3863 1048 3946 episeopo,
1062 3862 1173 3944 freter
1189 3865 1227 3928 G.

318 3967 541 4030 modorum
555 3967 688 4030 ecclesie
701 3965 851 4045 minister,
867 3967 999 4029 sulutem
1012 3967 1046 4028 ia
1059 3967 1203 4030 Domino.

318 4116 478 4180 Vrmrss
499 4116 540 4180 ad
561 4137 619 4180 nos
640 4116 787 4200 quaedem
805 4116 1001 4200 parochiana
1018 4121 1139 4193 nostra,
1155 4113 1228 4179 Ma-

276 4217 363 4282 tildis
389 4220 531 4298 nomine,
558 4217 747 4284 lacrimabili
773 4219 867 4283 nobis
893 4239 977 4302 saepe
1000 4217 1230 4300 conquestione

276 4323 475 4400 monstravit,
492 4321 723 4404 quodquidam
741 4320 882 4386 lacobus
903 4321 1044 4398 nomine,
1065 4320 1229 4385 Lebrandi
