<?xml version="1.0" encoding="UTF-8"?>
<!DOCTYPE html PUBLIC "-//W3C//DTD XHTML 1.0 Transitional//EN"
    "http://www.w3.org/TR/xhtml1/DTD/xhtml1-transitional.dtd">
<html xmlns="http://www.w3.org/1999/xhtml" xml:lang="en" lang="en">
 <head>
  <title>
</title>
<meta http-equiv="Content-Type" content="text/html;charset=utf-8" />
  <meta name='ocr-system' content='tesseract 3.04.00' />
  <meta name='ocr-capabilities' content='ocr_page ocr_carea ocr_par ocr_line ocrx_word'/>
</head>
<body>
  <div class='ocr_page' id='page_1' title='image "./gilbertiexabbat00gilegoog_0197.png"; bbox 0 0 3225 5192; ppageno 0'>
   <div class='ocr_carea' id='block_1_1' title="bbox 394 652 1034 719">
    <p class='ocr_par' dir='ltr' id='par_1_1' title="bbox 394 652 1034 719">
     <span class='ocr_line' id='line_1_1' title="bbox 394 652 1034 719; baseline -0.013 4"><span class='ocrx_word' id='word_1_1' title='bbox 394 652 457 715; x_wconf 85' lang='grc'><strong>166</strong></span> <span class='ocrx_word' id='word_1_2' title='bbox 705 674 864 719; x_wconf 78' lang='lat' dir='ltr'><strong>ornanum</strong></span> <span class='ocrx_word' id='word_1_3' title='bbox 882 674 1034 717; x_wconf 76' lang='lat' dir='ltr'><strong>arascorr</strong></span> 
     </span>
    </p>
   </div>
   <div class='ocr_carea' id='block_1_2' title="bbox 378 787 1346 3041">
    <p class='ocr_par' dir='ltr' id='par_1_2' title="bbox 378 787 1346 3041">
     <span class='ocr_line' id='line_1_2' title="bbox 390 787 1345 877; baseline -0.006 -21"><span class='ocrx_word' id='word_1_4' title='bbox 390 791 489 872; x_wconf 87' lang='lat' dir='ltr'><strong>vobis,</strong></span> <span class='ocrx_word' id='word_1_5' title='bbox 505 794 628 876; x_wconf 87' lang='lat' dir='ltr'><strong>eritque</strong></span> <span class='ocrx_word' id='word_1_6' title='bbox 643 792 728 877; x_wconf 88' lang='lat' dir='ltr'><strong>apud</strong></span> <span class='ocrx_word' id='word_1_7' title='bbox 743 815 795 857; x_wconf 89' lang='lat' dir='ltr'><strong>me</strong></span> <span class='ocrx_word' id='word_1_8' title='bbox 810 812 936 876; x_wconf 87' lang='lat' dir='ltr'><strong>semper</strong></span> <span class='ocrx_word' id='word_1_9' title='bbox 946 789 1085 877; x_wconf 85' lang='lat' dir='ltr'><strong>jubendi</strong></span> <span class='ocrx_word' id='word_1_10' title='bbox 1098 788 1194 874; x_wconf 91' lang='lat' dir='ltr'><strong>plena</strong></span> <span class='ocrx_word' id='word_1_11' title='bbox 1208 787 1345 851; x_wconf 82' lang='lat' dir='ltr'><strong>auetori-</strong></span> 
     </span>
     <span class='ocr_line' id='line_1_3' title="bbox 390 892 1346 978; baseline -0.005 -20"><span class='ocrx_word' id='word_1_12' title='bbox 390 902 451 973; x_wconf 87' lang='lat' dir='ltr'><strong>tas,</strong></span> <span class='ocrx_word' id='word_1_13' title='bbox 467 896 548 961; x_wconf 87' lang='lat' dir='ltr'><strong>mihi</strong></span> <span class='ocrx_word' id='word_1_14' title='bbox 561 917 636 961; x_wconf 84' lang='lat' dir='ltr'><strong>vero</strong></span> <span class='ocrx_word' id='word_1_15' title='bbox 650 918 711 961; x_wconf 85' lang='lat' dir='ltr'><strong>neo</strong></span> <span class='ocrx_word' id='word_1_16' title='bbox 726 895 827 973; x_wconf 86' lang='lat' dir='ltr'><strong>deest,</strong></span> <span class='ocrx_word' id='word_1_17' title='bbox 842 917 903 961; x_wconf 88' lang='lat' dir='ltr'><strong>neo</strong></span> <span class='ocrx_word' id='word_1_18' title='bbox 918 915 1063 978; x_wconf 89' lang='lat' dir='ltr'><strong>unquam</strong></span> <span class='ocrx_word' id='word_1_19' title='bbox 1078 892 1181 957; x_wconf 84' lang='lat' dir='ltr'><strong>deerit</strong></span> <span class='ocrx_word' id='word_1_20' title='bbox 1196 896 1346 976; x_wconf 87' lang='lat' dir='ltr'><strong>prompta</strong></span> 
     </span>
     <span class='ocr_line' id='line_1_4' title="bbox 390 995 1343 1084; baseline -0.003 -24"><span class='ocrx_word' id='word_1_21' title='bbox 390 998 480 1063; x_wconf 84' lang='lat' dir='ltr'><strong>vobis</strong></span> <span class='ocrx_word' id='word_1_22' title='bbox 494 998 692 1084; x_wconf 85' lang='lat' dir='ltr'><strong>obsequendi</strong></span> <span class='ocrx_word' id='word_1_23' title='bbox 705 999 866 1065; x_wconf 87' lang='lat' dir='ltr'><strong>voluntas.</strong></span> <span class='ocrx_word' id='word_1_24' title='bbox 909 1000 1043 1062; x_wconf 75' lang='lat' dir='ltr'><strong>Vestras</strong></span> <span class='ocrx_word' id='word_1_25' title='bbox 1060 995 1214 1061; x_wconf 89' lang='lat' dir='ltr'><strong>nimirum</strong></span> <span class='ocrx_word' id='word_1_26' title='bbox 1233 1014 1343 1077; x_wconf 86' lang='lat' dir='ltr'><strong>preoes</strong></span> 
     </span>
     <span class='ocr_line' id='line_1_5' title="bbox 390 1096 1343 1187; baseline -0.007 -22"><span class='ocrx_word' id='word_1_27' title='bbox 390 1102 509 1183; x_wconf 86' lang='lat' dir='ltr'><strong>pariter</strong></span> <span class='ocrx_word' id='word_1_28' title='bbox 531 1109 564 1167; x_wconf 83' lang='lat' dir='ltr'><strong>et</strong></span> <span class='ocrx_word' id='word_1_29' title='bbox 585 1110 745 1187; x_wconf 70' lang='lat' dir='ltr'><strong>pmoepta</strong></span> <span class='ocrx_word' id='word_1_30' title='bbox 759 1102 805 1166; x_wconf 90' lang='lat' dir='ltr'><strong>sie</strong></span> <span class='ocrx_word' id='word_1_31' title='bbox 822 1100 905 1166; x_wconf 90' lang='lat' dir='ltr'><strong>ratio</strong></span> <span class='ocrx_word' id='word_1_32' title='bbox 920 1099 1095 1177; x_wconf 78' lang='lat' dir='ltr'><strong>distribuit,</strong></span> <span class='ocrx_word' id='word_1_33' title='bbox 1111 1104 1205 1162; x_wconf 87' lang='lat' dir='ltr'><strong>ornat</strong></span> <span class='ocrx_word' id='word_1_34' title='bbox 1226 1096 1343 1160; x_wconf 83' lang='lat' dir='ltr'><strong>hones-</strong></span> 
     </span>
     <span class='ocr_line' id='line_1_6' title="bbox 389 1199 1343 1289; baseline -0.005 -23"><span class='ocrx_word' id='word_1_35' title='bbox 389 1210 449 1282; x_wconf 84' lang='lat' dir='ltr'><strong>tas,</strong></span> <span class='ocrx_word' id='word_1_36' title='bbox 464 1204 622 1269; x_wconf 86' lang='lat' dir='ltr'><strong>modestia</strong></span> <span class='ocrx_word' id='word_1_37' title='bbox 636 1227 761 1289; x_wconf 80' lang='lat' dir='ltr'>semper</span> <span class='ocrx_word' id='word_1_38' title='bbox 775 1226 883 1270; x_wconf 87' lang='lat' dir='ltr'><strong>eomes</strong></span> <span class='ocrx_word' id='word_1_39' title='bbox 897 1204 1093 1280; x_wconf 78' lang='lat' dir='ltr'><strong>moderatur,</strong></span> <span class='ocrx_word' id='word_1_40' title='bbox 1107 1208 1146 1265; x_wconf 93' lang='lat' dir='ltr'><strong>ut</strong></span> <span class='ocrx_word' id='word_1_41' title='bbox 1160 1199 1343 1264; x_wconf 84' lang='lat' dir='ltr'><strong>volentibus</strong></span> 
     </span>
     <span class='ocr_line' id='line_1_7' title="bbox 389 1300 1342 1390; baseline -0.006 -19"><span class='ocrx_word' id='word_1_42' title='bbox 389 1306 474 1390; x_wconf 94' lang='lat' dir='ltr'><strong>quod</strong></span> <span class='ocrx_word' id='word_1_43' title='bbox 489 1308 661 1373; x_wconf 86' lang='lat' dir='ltr'><strong>honestum</strong></span> <span class='ocrx_word' id='word_1_44' title='bbox 676 1316 735 1389; x_wconf 86' lang='lat' dir='ltr'><strong>est,</strong></span> <span class='ocrx_word' id='word_1_45' title='bbox 751 1330 789 1373; x_wconf 90' lang='lat' dir='ltr'><strong>ea</strong></span> <span class='ocrx_word' id='word_1_46' title='bbox 803 1328 952 1373; x_wconf 87' lang='lat' dir='ltr'><strong>recusare</strong></span> <span class='ocrx_word' id='word_1_47' title='bbox 966 1306 1009 1371; x_wconf 89' lang='lat' dir='ltr'><strong>sit</strong></span> <span class='ocrx_word' id='word_1_48' title='bbox 1024 1304 1256 1369; x_wconf 82' lang='lat' dir='ltr'><strong>difficillimum.</strong></span> <span class='ocrx_word' id='word_1_49' title='bbox 1300 1300 1342 1365; x_wconf 93' lang='lat' dir='ltr'><strong>In</strong></span> 
     </span>
     <span class='ocr_line' id='line_1_8' title="bbox 387 1406 1341 1497; baseline -0.006 -22"><span class='ocrx_word' id='word_1_50' title='bbox 387 1432 426 1475; x_wconf 91' lang='lat' dir='ltr'><strong>eo</strong></span> <span class='ocrx_word' id='word_1_51' title='bbox 443 1412 602 1496; x_wconf 82' lang='lat' dir='ltr'><strong>siquidem</strong></span> <span class='ocrx_word' id='word_1_52' title='bbox 619 1413 750 1497; x_wconf 89' lang='lat' dir='ltr'><strong>negotio</strong></span> <span class='ocrx_word' id='word_1_53' title='bbox 768 1434 865 1497; x_wconf 88' lang='lat' dir='ltr'><strong>super</strong></span> <span class='ocrx_word' id='word_1_54' title='bbox 879 1432 943 1496; x_wconf 92' lang='lat' dir='ltr'><strong>quo</strong></span> <span class='ocrx_word' id='word_1_55' title='bbox 957 1410 1148 1475; x_wconf 87' lang='lat' dir='ltr'><strong>mandatum</strong></span> <span class='ocrx_word' id='word_1_56' title='bbox 1163 1406 1341 1472; x_wconf 84' lang='lat' dir='ltr'><strong>sublimita·</strong></span> 
     </span>
     <span class='ocr_line' id='line_1_9' title="bbox 386 1510 1341 1601; baseline -0.004 -24"><span class='ocrx_word' id='word_1_57' title='bbox 386 1514 429 1577; x_wconf 89' lang='lat' dir='ltr'><strong>tis</strong></span> <span class='ocrx_word' id='word_1_58' title='bbox 444 1522 555 1580; x_wconf 76' lang='lat' dir='ltr'><strong>vestrae</strong></span> <span class='ocrx_word' id='word_1_59' title='bbox 574 1538 679 1601; x_wconf 81' lang='lat' dir='ltr'>nuper</span> <span class='ocrx_word' id='word_1_60' title='bbox 698 1514 816 1599; x_wconf 81' lang='lat' dir='ltr'><strong>accepi,</strong></span> <span class='ocrx_word' id='word_1_61' title='bbox 835 1516 872 1579; x_wconf 90' lang='lat' dir='ltr'><strong>in</strong></span> <span class='ocrx_word' id='word_1_62' title='bbox 890 1514 1023 1597; x_wconf 87' lang='lat' dir='ltr'><strong>negotio</strong></span> <span class='ocrx_word' id='word_1_63' title='bbox 1036 1512 1184 1577; x_wconf 84' lang='lat' dir='ltr'><strong>videlieet</strong></span> <span class='ocrx_word' id='word_1_64' title='bbox 1202 1510 1341 1574; x_wconf 82' lang='lat' dir='ltr'><strong>fratrum</strong></span> 
     </span>
     <span class='ocr_line' id='line_1_10' title="bbox 386 1612 1341 1703; baseline -0.003 -24"><span class='ocrx_word' id='word_1_65' title='bbox 386 1616 427 1681; x_wconf 88' lang='lat' dir='ltr'><strong>de</strong></span> <span class='ocrx_word' id='word_1_66' title='bbox 442 1618 685 1699; x_wconf 87' lang='lat' dir='ltr'><strong>Tooohesberia,</strong></span> <span class='ocrx_word' id='word_1_67' title='bbox 703 1619 883 1703; x_wconf 71' lang='lat' dir='ltr'><strong>promptius</strong></span> <span class='ocrx_word' id='word_1_68' title='bbox 898 1618 1029 1702; x_wconf 87' lang='lat' dir='ltr'><strong>quidem</strong></span> <span class='ocrx_word' id='word_1_69' title='bbox 1046 1624 1080 1680; x_wconf 89' lang='lat' dir='ltr'><strong>et</strong></span> <span class='ocrx_word' id='word_1_70' title='bbox 1098 1617 1196 1699; x_wconf 89' lang='lat' dir='ltr'><strong>longe</strong></span> <span class='ocrx_word' id='word_1_71' title='bbox 1213 1612 1341 1698; x_wconf 87' lang='lat' dir='ltr'><strong>expedi-</strong></span> 
     </span>
     <span class='ocr_line' id='line_1_11' title="bbox 385 1714 1342 1807; baseline -0.005 -24"><span class='ocrx_word' id='word_1_72' title='bbox 385 1720 450 1783; x_wconf 86' lang='lat' dir='ltr'><strong>tius</strong></span> <span class='ocrx_word' id='word_1_73' title='bbox 464 1722 527 1785; x_wconf 89' lang='lat' dir='ltr'><strong>illis</strong></span> <span class='ocrx_word' id='word_1_74' title='bbox 543 1722 676 1787; x_wconf 85' lang='lat' dir='ltr'><strong>consilio</strong></span> <span class='ocrx_word' id='word_1_75' title='bbox 690 1722 812 1807; x_wconf 88' lang='lat' dir='ltr'><strong>pariter</strong></span> <span class='ocrx_word' id='word_1_76' title='bbox 833 1727 866 1787; x_wconf 93' lang='lat' dir='ltr'><strong>et</strong></span> <span class='ocrx_word' id='word_1_77' title='bbox 889 1721 1009 1785; x_wconf 83' lang='lat' dir='ltr'><strong>auxilio</strong></span> <span class='ocrx_word' id='word_1_78' title='bbox 1029 1718 1230 1804; x_wconf 79' lang='lat' dir='ltr'><strong>profuissem,</strong></span> <span class='ocrx_word' id='word_1_79' title='bbox 1246 1716 1274 1779; x_wconf 94' lang='lat' dir='ltr'><strong>si</strong></span> <span class='ocrx_word' id='word_1_80' title='bbox 1288 1714 1342 1779; x_wconf 90' lang='lat' dir='ltr'><strong>die</strong></span> 
     </span>
     <span class='ocr_line' id='line_1_12' title="bbox 385 1817 1340 1909; baseline -0.004 -24"><span class='ocrx_word' id='word_1_81' title='bbox 385 1844 448 1906; x_wconf 94' lang='lat' dir='ltr'><strong>quo</strong></span> <span class='ocrx_word' id='word_1_82' title='bbox 470 1845 522 1887; x_wconf 86' lang='lat' dir='ltr'><strong>me</strong></span> <span class='ocrx_word' id='word_1_83' title='bbox 544 1846 664 1909; x_wconf 88' lang='lat' dir='ltr'><strong>urgens</strong></span> <span class='ocrx_word' id='word_1_84' title='bbox 685 1825 878 1889; x_wconf 89' lang='lat' dir='ltr'><strong>mandatum</strong></span> <span class='ocrx_word' id='word_1_85' title='bbox 898 1822 1022 1889; x_wconf 88' lang='lat' dir='ltr'><strong>domini</strong></span> <span class='ocrx_word' id='word_1_86' title='bbox 1042 1817 1284 1886; x_wconf 76' lang='lat' dir='ltr'><strong>cantuariensis</strong></span> <span class='ocrx_word' id='word_1_87' title='bbox 1306 1825 1340 1882; x_wconf 88' lang='lat' dir='ltr'><strong>et</strong></span> 
     </span>
     <span class='ocr_line' id='line_1_13' title="bbox 383 1923 1339 2010; baseline -0.005 -21"><span class='ocrx_word' id='word_1_88' title='bbox 383 1925 539 2010; x_wconf 76' lang='lat' dir='ltr'><strong>injunctas</strong></span> <span class='ocrx_word' id='word_1_89' title='bbox 553 1928 599 1992; x_wconf 88' lang='lat' dir='ltr'><strong>vis</strong></span> <span class='ocrx_word' id='word_1_90' title='bbox 614 1928 806 1993; x_wconf 70' lang='lat' dir='ltr'><strong>obedientias</strong></span> <span class='ocrx_word' id='word_1_91' title='bbox 827 1928 905 1991; x_wconf 88' lang='lat' dir='ltr'><strong>illuc</strong></span> <span class='ocrx_word' id='word_1_92' title='bbox 919 1926 1039 2004; x_wconf 86' lang='lat' dir='ltr'><strong>venire,</strong></span> <span class='ocrx_word' id='word_1_93' title='bbox 1054 1932 1088 1989; x_wconf 87' lang='lat' dir='ltr'><strong>et</strong></span> <span class='ocrx_word' id='word_1_94' title='bbox 1103 1924 1143 1989; x_wconf 90' lang='lat' dir='ltr'><strong>de</strong></span> <span class='ocrx_word' id='word_1_95' title='bbox 1157 1924 1245 1987; x_wconf 76' lang='lat' dir='ltr'><strong>faeta</strong></span> <span class='ocrx_word' id='word_1_96' title='bbox 1257 1923 1339 1985; x_wconf 88' lang='lat' dir='ltr'><strong>elee-</strong></span> 
     </span>
     <span class='ocr_line' id='line_1_14' title="bbox 383 2027 1339 2115; baseline -0.004 -23"><span class='ocrx_word' id='word_1_97' title='bbox 383 2028 472 2093; x_wconf 87' lang='lat' dir='ltr'><strong>tione</strong></span> <span class='ocrx_word' id='word_1_98' title='bbox 486 2029 649 2113; x_wconf 88' lang='lat' dir='ltr'><strong>inquirere</strong></span> <span class='ocrx_word' id='word_1_99' title='bbox 664 2032 778 2115; x_wconf 83' lang='lat' dir='ltr'><strong>coegit,</strong></span> <span class='ocrx_word' id='word_1_100' title='bbox 796 2032 911 2095; x_wconf 90' lang='lat' dir='ltr'><strong>saltem</strong></span> <span class='ocrx_word' id='word_1_101' title='bbox 925 2030 1006 2094; x_wconf 92' lang='lat' dir='ltr'><strong>mihi</strong></span> <span class='ocrx_word' id='word_1_102' title='bbox 1019 2028 1071 2093; x_wconf 89' lang='lat' dir='ltr'><strong>vel</strong></span> <span class='ocrx_word' id='word_1_103' title='bbox 1085 2027 1181 2092; x_wconf 85' lang='lat' dir='ltr'><strong>verbo</strong></span> <span class='ocrx_word' id='word_1_104' title='bbox 1195 2046 1339 2091; x_wconf 89' lang='lat' dir='ltr'><strong>eommu-</strong></span> 
     </span>
     <span class='ocr_line' id='line_1_15' title="bbox 381 2127 1340 2217; baseline -0.004 -23"><span class='ocrx_word' id='word_1_105' title='bbox 381 2130 553 2211; x_wconf 85' lang='lat' dir='ltr'><strong>nioassent,</strong></span> <span class='ocrx_word' id='word_1_106' title='bbox 574 2156 594 2198; x_wconf 91' lang='lat' dir='ltr'><strong>a</strong></span> <span class='ocrx_word' id='word_1_107' title='bbox 616 2134 734 2217; x_wconf 90' lang='lat' dir='ltr'><strong>quibus</strong></span> <span class='ocrx_word' id='word_1_108' title='bbox 755 2154 824 2199; x_wconf 91' lang='lat' dir='ltr'><strong>non</strong></span> <span class='ocrx_word' id='word_1_109' title='bbox 846 2134 1005 2198; x_wconf 90' lang='lat' dir='ltr'><strong>admissus</strong></span> <span class='ocrx_word' id='word_1_110' title='bbox 1025 2152 1094 2195; x_wconf 93' lang='lat' dir='ltr'><strong>non</strong></span> <span class='ocrx_word' id='word_1_111' title='bbox 1114 2130 1208 2215; x_wconf 90' lang='lat' dir='ltr'><strong>potui</strong></span> <span class='ocrx_word' id='word_1_112' title='bbox 1229 2127 1340 2192; x_wconf 86' lang='lat' dir='ltr'><strong>inritis</strong></span> 
     </span>
     <span class='ocr_line' id='line_1_16' title="bbox 381 2233 1339 2321; baseline -0.002 -23"><span class='ocrx_word' id='word_1_113' title='bbox 381 2233 575 2299; x_wconf 84' lang='lat' dir='ltr'><strong>beneficium</strong></span> <span class='ocrx_word' id='word_1_114' title='bbox 596 2244 758 2320; x_wconf 89' lang='lat' dir='ltr'><strong>praestare,</strong></span> <span class='ocrx_word' id='word_1_115' title='bbox 774 2237 862 2321; x_wconf 91' lang='lat' dir='ltr'><strong>qnod</strong></span> <span class='ocrx_word' id='word_1_116' title='bbox 883 2258 973 2300; x_wconf 90' lang='lat' dir='ltr'><strong>nune</strong></span> <span class='ocrx_word' id='word_1_117' title='bbox 998 2233 1128 2318; x_wconf 90' lang='lat' dir='ltr'><strong>quidem</strong></span> <span class='ocrx_word' id='word_1_118' title='bbox 1149 2254 1208 2317; x_wconf 88' lang='lat' dir='ltr'><strong>pro</strong></span> <span class='ocrx_word' id='word_1_119' title='bbox 1229 2252 1339 2296; x_wconf 85' lang='lat' dir='ltr'><strong>amore</strong></span> 
     </span>
     <span class='ocr_line' id='line_1_17' title="bbox 382 2334 1338 2423; baseline -0.003 -22"><span class='ocrx_word' id='word_1_120' title='bbox 382 2336 454 2417; x_wconf 89' lang='lat' dir='ltr'><strong>Dei,</strong></span> <span class='ocrx_word' id='word_1_121' title='bbox 471 2345 504 2403; x_wconf 88' lang='lat' dir='ltr'><strong>et</strong></span> <span class='ocrx_word' id='word_1_122' title='bbox 518 2360 577 2423; x_wconf 90' lang='lat' dir='ltr'><strong>pro</strong></span> <span class='ocrx_word' id='word_1_123' title='bbox 592 2340 771 2405; x_wconf 86' lang='lat' dir='ltr'><strong>reverentia</strong></span> <span class='ocrx_word' id='word_1_124' title='bbox 785 2339 933 2405; x_wconf 86' lang='lat' dir='ltr'><strong>mandati</strong></span> <span class='ocrx_word' id='word_1_125' title='bbox 947 2338 1055 2417; x_wconf 82' lang='lat' dir='ltr'><strong>vestri,</strong></span> <span class='ocrx_word' id='word_1_126' title='bbox 1064 2358 1133 2402; x_wconf 92' lang='lat' dir='ltr'><strong>non</strong></span> <span class='ocrx_word' id='word_1_127' title='bbox 1147 2334 1273 2419; x_wconf 86' lang='lat' dir='ltr'><strong>negabo</strong></span> <span class='ocrx_word' id='word_1_128' title='bbox 1287 2334 1338 2399; x_wconf 83' lang='lat' dir='ltr'><strong>vel</strong></span> 
     </span>
     <span class='ocr_line' id='line_1_18' title="bbox 379 2436 1338 2528; baseline -0.002 -25"><span class='ocrx_word' id='word_1_129' title='bbox 379 2440 525 2525; x_wconf 87' lang='lat' dir='ltr'><strong>ingratis.</strong></span> <span class='ocrx_word' id='word_1_130' title='bbox 544 2444 758 2508; x_wconf 85' lang='lat' dir='ltr'><strong>Honestatem</strong></span> <span class='ocrx_word' id='word_1_131' title='bbox 768 2442 1029 2528; x_wconf 85' lang='lat' dir='ltr'><strong>namqueelootoe</strong></span> <span class='ocrx_word' id='word_1_132' title='bbox 1040 2461 1185 2525; x_wconf 73' lang='lat' dir='ltr'><strong>personae</strong></span> <span class='ocrx_word' id='word_1_133' title='bbox 1195 2436 1338 2523; x_wconf 92' lang='lat' dir='ltr'><strong>approbo</strong></span> 
     </span>
     <span class='ocr_line' id='line_1_19' title="bbox 381 2544 1336 2629; baseline -0.003 -22"><span class='ocrx_word' id='word_1_134' title='bbox 381 2550 414 2607; x_wconf 88' lang='lat' dir='ltr'><strong>et</strong></span> <span class='ocrx_word' id='word_1_135' title='bbox 429 2546 629 2626; x_wconf 87' lang='lat' dir='ltr'><strong>commendo,</strong></span> <span class='ocrx_word' id='word_1_136' title='bbox 646 2552 679 2611; x_wconf 92' lang='lat' dir='ltr'><strong>et</strong></span> <span class='ocrx_word' id='word_1_137' title='bbox 699 2546 727 2611; x_wconf 88' lang='lat' dir='ltr'><strong>si</strong></span> <span class='ocrx_word' id='word_1_138' title='bbox 747 2568 800 2611; x_wconf 86' lang='lat' dir='ltr'><strong>me</strong></span> <span class='ocrx_word' id='word_1_139' title='bbox 820 2567 896 2610; x_wconf 89' lang='lat' dir='ltr'><strong>oum</strong></span> <span class='ocrx_word' id='word_1_140' title='bbox 914 2545 1083 2629; x_wconf 80' lang='lat' dir='ltr'><strong>negotium</strong></span> <span class='ocrx_word' id='word_1_141' title='bbox 1097 2544 1204 2628; x_wconf 89' lang='lat' dir='ltr'><strong>ipsum</strong></span> <span class='ocrx_word' id='word_1_142' title='bbox 1218 2548 1336 2605; x_wconf 73' lang='lat' dir='ltr'><strong>tracta</strong></span> 
     </span>
     <span class='ocr_line' id='line_1_20' title="bbox 380 2642 1336 2733; baseline -0.001 -24"><span class='ocrx_word' id='word_1_143' title='bbox 380 2645 478 2727; x_wconf 85' lang='lat' dir='ltr'><strong>bitur,</strong></span> <span class='ocrx_word' id='word_1_144' title='bbox 501 2649 655 2713; x_wconf 85' lang='lat' dir='ltr'><strong>interesse</strong></span> <span class='ocrx_word' id='word_1_145' title='bbox 678 2650 860 2733; x_wconf 88' lang='lat' dir='ltr'><strong>contigerit,</strong></span> <span class='ocrx_word' id='word_1_146' title='bbox 884 2649 924 2713; x_wconf 87' lang='lat' dir='ltr'><strong>de</strong></span> <span class='ocrx_word' id='word_1_147' title='bbox 946 2649 1046 2732; x_wconf 89' lang='lat' dir='ltr'><strong>ipsius</strong></span> <span class='ocrx_word' id='word_1_148' title='bbox 1069 2646 1271 2731; x_wconf 90' lang='lat' dir='ltr'><strong>promotione</strong></span> <span class='ocrx_word' id='word_1_149' title='bbox 1294 2642 1336 2708; x_wconf 87' lang='lat' dir='ltr'><strong>ad</strong></span> 
     </span>
     <span class='ocr_line' id='line_1_21' title="bbox 380 2747 1335 2817; baseline -0.002 -4"><span class='ocrx_word' id='word_1_150' title='bbox 380 2749 535 2816; x_wconf 90' lang='lat' dir='ltr'><strong>honorem</strong></span> <span class='ocrx_word' id='word_1_151' title='bbox 554 2760 588 2817; x_wconf 90' lang='lat' dir='ltr'><strong>et</strong></span> <span class='ocrx_word' id='word_1_152' title='bbox 607 2752 781 2817; x_wconf 85' lang='lat' dir='ltr'><strong>utilitatem</strong></span> <span class='ocrx_word' id='word_1_153' title='bbox 796 2753 935 2816; x_wconf 87' lang='lat' dir='ltr'><strong>fratrum</strong></span> <span class='ocrx_word' id='word_1_154' title='bbox 950 2758 984 2815; x_wconf 89' lang='lat' dir='ltr'><strong>et</strong></span> <span class='ocrx_word' id='word_1_155' title='bbox 998 2748 1185 2815; x_wconf 88' lang='lat' dir='ltr'><strong>monasterii</strong></span> <span class='ocrx_word' id='word_1_156' title='bbox 1200 2747 1240 2812; x_wconf 89' lang='lat' dir='ltr'><strong>de</strong></span> <span class='ocrx_word' id='word_1_157' title='bbox 1254 2748 1335 2811; x_wconf 78' lang='lat' dir='ltr'><strong>Teo·</strong></span> 
     </span>
     <span class='ocr_line' id='line_1_22' title="bbox 379 2850 1335 2939; baseline -0.001 -24"><span class='ocrx_word' id='word_1_158' title='bbox 379 2850 553 2932; x_wconf 87' lang='lat' dir='ltr'><strong>obesberia,</strong></span> <span class='ocrx_word' id='word_1_159' title='bbox 576 2861 735 2939; x_wconf 85' lang='lat' dir='ltr'><strong>quantum</strong></span> <span class='ocrx_word' id='word_1_160' title='bbox 757 2860 880 2938; x_wconf 89' lang='lat' dir='ltr'><strong>potero,</strong></span> <span class='ocrx_word' id='word_1_161' title='bbox 903 2852 990 2917; x_wconf 86' lang='lat' dir='ltr'><strong>salva</strong></span> <span class='ocrx_word' id='word_1_162' title='bbox 1013 2873 1093 2936; x_wconf 89' lang='lat' dir='ltr'><strong>paee</strong></span> <span class='ocrx_word' id='word_1_163' title='bbox 1118 2850 1335 2935; x_wconf 77' lang='lat' dir='ltr'><strong>praelatorum,</strong></span> 
     </span>
     <span class='ocr_line' id='line_1_23' title="bbox 378 2954 1246 3041; baseline 0 -23"><span class='ocrx_word' id='word_1_164' title='bbox 378 2962 484 3020; x_wconf 87' lang='lat' dir='ltr'><strong>vestra</strong></span> <span class='ocrx_word' id='word_1_165' title='bbox 497 2976 591 3041; x_wconf 78' lang='lat' dir='ltr'><strong>prece</strong></span> <span class='ocrx_word' id='word_1_166' title='bbox 606 2957 832 3037; x_wconf 84' lang='lat' dir='ltr'><strong>commonitus,</strong></span> <span class='ocrx_word' id='word_1_167' title='bbox 848 2977 979 3041; x_wconf 87' lang='lat' dir='ltr'><strong>operam</strong></span> <span class='ocrx_word' id='word_1_168' title='bbox 994 2954 1088 3021; x_wconf 86' lang='lat' dir='ltr'><strong>dabo.</strong></span> <span class='ocrx_word' id='word_1_169' title='bbox 1118 2954 1246 3019; x_wconf 85' lang='lat' dir='ltr'><strong>Valete.</strong></span> 
     </span>
    </p>
   </div>
   <div class='ocr_carea' id='block_1_3' title="bbox 410 3256 1301 3427">
    <p class='ocr_par' dir='ltr' id='par_1_3' title="bbox 410 3256 1301 3427">
     <span class='ocr_line' id='line_1_24' title="bbox 410 3256 1301 3364; baseline 0.003 -44"><span class='ocrx_word' id='word_1_170' title='bbox 410 3256 629 3364; x_wconf 66' lang='lat' dir='ltr'><strong>Eulsuom</strong></span> <span class='ocrx_word' id='word_1_171' title='bbox 651 3260 937 3324; x_wconf 67' lang='lat' dir='ltr'><strong>cxxvnn-in</strong></span> <span class='ocrx_word' id='word_1_172' title='bbox 959 3280 1145 3325; x_wconf 72' lang='lat' dir='ltr'><strong>nonnarum</strong></span> <span class='ocrx_word' id='word_1_173' title='bbox 1162 3278 1301 3323; x_wconf 78' lang='lat' dir='ltr'><strong>mucor.-</strong></span> 
     </span>
     <span class='ocr_line' id='line_1_25' title="bbox 673 3383 1043 3427; baseline -0.003 0"><span class='ocrx_word' id='word_1_174' title='bbox 673 3383 827 3427; x_wconf 80' lang='lat' dir='ltr'><strong>ruauanu</strong></span> <span class='ocrx_word' id='word_1_175' title='bbox 844 3384 1043 3426; x_wconf 79' lang='lat' dir='ltr'><strong>nrrscoruu.</strong></span> 
     </span>
    </p>
   </div>
   <div class='ocr_carea' id='block_1_4' title="bbox 383 3513 1333 3905">
    <p class='ocr_par' dir='ltr' id='par_1_4' title="bbox 383 3513 1333 3905">
     <span class='ocr_line' id='line_1_26' title="bbox 383 3513 1332 3599; baseline 0.004 -24"><span class='ocrx_word' id='word_1_176' title='bbox 383 3513 557 3577; x_wconf 77' lang='lat' dir='ltr'><strong>Venerabili</strong></span> <span class='ocrx_word' id='word_1_177' title='bbox 575 3513 696 3579; x_wconf 74' lang='lat' dir='ltr'><strong>domim</strong></span> <span class='ocrx_word' id='word_1_178' title='bbox 710 3516 872 3599; x_wconf 70' lang='lat' dir='ltr'><strong>fratrique</strong></span> <span class='ocrx_word' id='word_1_179' title='bbox 892 3516 1053 3579; x_wconf 59' lang='lat' dir='ltr'><strong>consono</strong></span> <span class='ocrx_word' id='word_1_180' title='bbox 1067 3517 1107 3579; x_wconf 86' lang='lat' dir='ltr'><strong>R.</strong></span> <span class='ocrx_word' id='word_1_181' title='bbox 1122 3516 1332 3579; x_wconf 81' lang='lat' dir='ltr'><strong>Lineolsiensi</strong></span> 
     </span>
     <span class='ocr_line' id='line_1_27' title="bbox 420 3616 1332 3701; baseline 0.005 -23"><span class='ocrx_word' id='word_1_182' title='bbox 420 3616 486 3679; x_wconf 85' lang='lat' dir='ltr'><strong>Dei</strong></span> <span class='ocrx_word' id='word_1_183' title='bbox 504 3618 613 3697; x_wconf 70' lang='lat' dir='ltr'><strong>protis</strong></span> <span class='ocrx_word' id='word_1_184' title='bbox 627 3620 777 3701; x_wconf 83' lang='lat' dir='ltr'><strong>episeopo,</strong></span> <span class='ocrx_word' id='word_1_185' title='bbox 791 3618 904 3701; x_wconf 79' lang='lat' dir='ltr'><strong>frater</strong></span> <span class='ocrx_word' id='word_1_186' title='bbox 921 3620 957 3682; x_wconf 87' lang='lat' dir='ltr'><strong>G.</strong></span> <span class='ocrx_word' id='word_1_187' title='bbox 974 3620 1225 3701; x_wconf 77' lang='lat' dir='ltr'><strong>Heresords&#39;ensis</strong></span> <span class='ocrx_word' id='word_1_188' title='bbox 1238 3621 1332 3683; x_wconf 84' lang='lat' dir='ltr'><strong>eecle-</strong></span> 
     </span>
     <span class='ocr_line' id='line_1_28' title="bbox 420 3720 1333 3805; baseline 0.005 -23"><span class='ocrx_word' id='word_1_189' title='bbox 420 3720 474 3783; x_wconf 81' lang='lat' dir='ltr'><strong>eioe</strong></span> <span class='ocrx_word' id='word_1_190' title='bbox 502 3721 652 3799; x_wconf 78' lang='lat' dir='ltr'><strong>minister,</strong></span> <span class='ocrx_word' id='word_1_191' title='bbox 683 3724 840 3787; x_wconf 72' lang='lat' dir='ltr'><strong>Christum</strong></span> <span class='ocrx_word' id='word_1_192' title='bbox 861 3722 1021 3805; x_wconf 83' lang='lat' dir='ltr'><strong>portando</strong></span> <span class='ocrx_word' id='word_1_193' title='bbox 1050 3724 1085 3787; x_wconf 80' lang='lat' dir='ltr'><strong>io</strong></span> <span class='ocrx_word' id='word_1_194' title='bbox 1112 3742 1146 3787; x_wconf 84' lang='lat' dir='ltr'><strong>se</strong></span> <span class='ocrx_word' id='word_1_195' title='bbox 1173 3723 1333 3787; x_wconf 75' lang='lat' dir='ltr'><strong>ambulare</strong></span> 
     </span>
     <span class='ocr_line' id='line_1_29' title="bbox 418 3825 742 3905; baseline 0.012 -19"><span class='ocrx_word' id='word_1_196' title='bbox 418 3825 574 3905; x_wconf 79' lang='lat' dir='ltr'><strong>sopierster</strong></span> <span class='ocrx_word' id='word_1_197' title='bbox 588 3831 619 3890; x_wconf 82' lang='lat' dir='ltr'><strong>et</strong></span> <span class='ocrx_word' id='word_1_198' title='bbox 632 3826 742 3891; x_wconf 72' lang='lat' dir='ltr'><strong>sobrie</strong></span> 
     </span>
    </p>
   </div>
   <div class='ocr_carea' id='block_1_5' title="bbox 375 3976 1331 4375">
    <p class='ocr_par' dir='ltr' id='par_1_5' title="bbox 375 3976 1331 4375">
     <span class='ocr_line' id='line_1_30' title="bbox 422 3976 1330 4062; baseline 0.004 -23"><span class='ocrx_word' id='word_1_199' title='bbox 422 3976 604 4041; x_wconf 79' lang='lat' dir='ltr'><strong>Suscnrurs</strong></span> <span class='ocrx_word' id='word_1_200' title='bbox 626 3978 727 4044; x_wconf 88' lang='lat' dir='ltr'><strong>literis</strong></span> <span class='ocrx_word' id='word_1_201' title='bbox 749 3977 866 4062; x_wconf 88' lang='lat' dir='ltr'><strong>quibus</strong></span> <span class='ocrx_word' id='word_1_202' title='bbox 886 3977 1055 4062; x_wconf 84' lang='lat' dir='ltr'><strong>diligentia</strong></span> <span class='ocrx_word' id='word_1_203' title='bbox 1073 3990 1133 4043; x_wconf 83' lang='lat' dir='ltr'><strong>nos</strong></span> <span class='ocrx_word' id='word_1_204' title='bbox 1150 3985 1259 4043; x_wconf 75' lang='lat' dir='ltr'><strong>restra</strong></span> <span class='ocrx_word' id='word_1_205' title='bbox 1276 3978 1330 4043; x_wconf 73' lang='lat' dir='ltr'><strong>lae·</strong></span> 
     </span>
     <span class='ocr_line' id='line_1_31' title="bbox 375 4080 1330 4166; baseline 0.004 -24"><span class='ocrx_word' id='word_1_206' title='bbox 375 4080 498 4144; x_wconf 87' lang='lat' dir='ltr'><strong>tificare</strong></span> <span class='ocrx_word' id='word_1_207' title='bbox 520 4080 654 4164; x_wconf 82' lang='lat' dir='ltr'><strong>dignata</strong></span> <span class='ocrx_word' id='word_1_208' title='bbox 675 4089 734 4161; x_wconf 89' lang='lat' dir='ltr'><strong>est,</strong></span> <span class='ocrx_word' id='word_1_209' title='bbox 756 4081 850 4146; x_wconf 90' lang='lat' dir='ltr'><strong>solito</strong></span> <span class='ocrx_word' id='word_1_210' title='bbox 872 4083 993 4166; x_wconf 89' lang='lat' dir='ltr'><strong>gratior</strong></span> <span class='ocrx_word' id='word_1_211' title='bbox 1014 4088 1048 4146; x_wconf 87' lang='lat' dir='ltr'><strong>et</strong></span> <span class='ocrx_word' id='word_1_212' title='bbox 1070 4090 1225 4146; x_wconf 86' lang='lat' dir='ltr'><strong>consueto</strong></span> <span class='ocrx_word' id='word_1_213' title='bbox 1246 4104 1330 4146; x_wconf 91' lang='lat' dir='ltr'><strong>sere-</strong></span> 
     </span>
     <span class='ocr_line' id='line_1_32' title="bbox 376 4183 1330 4251; baseline 0.002 -4"><span class='ocrx_word' id='word_1_214' title='bbox 376 4183 449 4247; x_wconf 91' lang='lat' dir='ltr'><strong>nior</strong></span> <span class='ocrx_word' id='word_1_215' title='bbox 463 4184 535 4249; x_wconf 89' lang='lat' dir='ltr'><strong>ilioo</strong></span> <span class='ocrx_word' id='word_1_216' title='bbox 549 4183 643 4249; x_wconf 88' lang='lat' dir='ltr'><strong>nobis</strong></span> <span class='ocrx_word' id='word_1_217' title='bbox 658 4184 726 4249; x_wconf 91' lang='lat' dir='ltr'><strong>dies</strong></span> <span class='ocrx_word' id='word_1_218' title='bbox 740 4186 855 4249; x_wconf 82' lang='lat' dir='ltr'><strong>illuxit.</strong></span> <span class='ocrx_word' id='word_1_219' title='bbox 897 4186 1027 4251; x_wconf 84' lang='lat' dir='ltr'><strong>Auditis</strong></span> <span class='ocrx_word' id='word_1_220' title='bbox 1042 4186 1130 4249; x_wconf 87' lang='lat' dir='ltr'><strong>enim</strong></span> <span class='ocrx_word' id='word_1_221' title='bbox 1144 4208 1253 4249; x_wconf 88' lang='lat' dir='ltr'><strong>rerum</strong></span> <span class='ocrx_word' id='word_1_222' title='bbox 1270 4233 1278 4250; x_wconf 86' lang='lat'><strong>.</strong></span> <span class='ocrx_word' id='word_1_223' title='bbox 1296 4234 1303 4248; x_wconf 91' lang='lat'>.</span> <span class='ocrx_word' id='word_1_224' title='bbox 1322 4234 1330 4249; x_wconf 89' lang='lat'><strong>.</strong></span> 
     </span>
     <span class='ocr_line' id='line_1_33' title="bbox 377 4289 1331 4375; baseline 0.003 -26"><span class='ocrx_word' id='word_1_225' title='bbox 377 4334 492 4352; x_wconf 88' lang='lat'><strong>.....</strong></span> <span class='ocrx_word' id='word_1_226' title='bbox 508 4290 686 4369; x_wconf 85' lang='lat' dir='ltr'><strong>eventibus,</strong></span> <span class='ocrx_word' id='word_1_227' title='bbox 699 4298 733 4355; x_wconf 87' lang='lat' dir='ltr'><strong>et</strong></span> <span class='ocrx_word' id='word_1_228' title='bbox 746 4290 895 4374; x_wconf 82' lang='lat' dir='ltr'><strong>perplexa</strong></span> <span class='ocrx_word' id='word_1_229' title='bbox 910 4290 1049 4375; x_wconf 86' lang='lat' dir='ltr'><strong>quadam</strong></span> <span class='ocrx_word' id='word_1_230' title='bbox 1064 4290 1189 4372; x_wconf 87' lang='lat' dir='ltr'><strong>ingenii</strong></span> <span class='ocrx_word' id='word_1_231' title='bbox 1204 4289 1331 4353; x_wconf 83' lang='lat' dir='ltr'><strong>subtili-</strong></span> 
     </span>
    </p>
   </div>
   <div class='ocr_carea' id='block_1_6' title="bbox 0 0 1618 5192">
    <p class='ocr_par' dir='ltr' id='par_1_6' title="bbox 0 0 1618 5192">
     <span class='ocr_line' id='line_1_34' title="bbox 0 0 1618 5192; baseline 0 8"><span class='ocrx_word' id='word_1_232' title='bbox 0 0 1618 5192; x_wconf 95' lang='lat' dir='ltr'><strong> </strong></span> 
     </span>
    </p>
   </div>
  </div>
 </body>
</html>
