3225 5192
229 722 230 725 ¹
275 720 340 763 nn.
358 696 556 781 1139-48.]
606 714 820 761 onoonsnnln
835 715 1013 761 msnonn.
1184 697 1227 760 93

304 976 523 1042 EPISTOLA
545 974 810 1041 nxxv11.-.-s1›
826 980 1010 1041 nonnnnnn
1027 996 1196 1040 nsnnom·

587 1100 699 1143 nnsnn
716 1098 917 1144 nmsooron.

282 1214 453 1279 Venerabili
468 1215 589 1279 domim
605 1212 765 1297 frotsiqoe
780 1214 940 1277 carissimo
954 1212 1089 1277 Roberto
1106 1214 1225 1277 Batto-

176 1370 183 1383 .
317 1319 416 1382 meisi
445 1320 506 1381 Dei
530 1320 638 1401 oratio
667 1319 818 1401 episcopo,
842 1315 954 1398 frater
984 1319 1023 1381 G.
1050 1317 1227 1381 Glooestoioe
1268 1306 1270 1309 Α

318 1423 418 1486 dictus
433 1421 538 1501 obbas,
553 1423 693 1487 salntem,

318 1557 573 1622 Pnnvsmnnnn
594 1578 654 1621 nos
668 1557 705 1621 in
718 1556 830 1622 multis
845 1557 951 1639 gretie
964 1564 1078 1635 vestre,
1090 1557 1179 1641 juste
1193 1577 1227 1621 se

275 1660 362 1725 vobis
373 1660 514 1725 offerunt
529 1668 562 1725 et
576 1665 775 1745 presentant
790 1660 919 1725 servitio
932 1667 1052 1725 nostro
1098 1660 1228 1744 Siquid
1256 1652 1259 1657 ’

275 1764 362 1829 enim
384 1786 505 1844 sumus,
521 1772 578 1829 out
600 1764 728 1844 scimus,
749 1770 806 1829 ent
828 1786 1009 1847 possumus,
1028 1764 1091 1829 hoo
1111 1762 1227 1829 honori

276 1876 380 1933 vestro
394 1890 473 1950 esse,
489 1874 522 1933 et
536 1868 627 1948 seire,
643 1876 676 1933 et
690 1889 782 1952 posse
797 1868 1025 1932 desideramus.
1070 1868 1226 1952 Prompto

275 1973 374 2057 igitur
389 1994 426 2038 eo
444 1973 560 2037 libenti
578 1972 687 2037 animo
704 1972 909 2037 notificamus
922 1971 1023 2050 vobis,
1039 1971 1125 2055 qnod
1139 1992 1225 2036 oom-

275 2072 479 2139 modovestro
489 2080 521 2138 et
529 2074 645 2139 honori
653 2072 859 2158 profunnum
868 2095 1042 2159 speramus.
1058 2073 1226 2139 Adomino

275 2199 356 2262 papa
378 2176 509 2243 domino
531 2177 757 2242 cantuariensi
776 2177 935 2243 creditum
956 2186 1006 2242 est
1026 2184 1059 2242 et
1078 2178 1226 2243 oommis·

276 2300 356 2359 snm,
372 2287 410 2345 ut
428 2281 524 2364 juxto
545 2278 632 2365 quod
652 2279 739 2344 inter
760 2300 815 2345 eos
837 2279 1058 2364 dispensatum
1081 2286 1141 2359 est,
1158 2300 1226 2343 non

276 2383 379 2447 solum
394 2382 537 2462 abbates,
549 2382 606 2447 sed
620 2388 654 2447 et
669 2382 833 2467 episeopos
847 2389 942 2448 terne
955 2384 1059 2463 istius,
1069 2382 1170 2467 possit
1184 2382 1226 2446 ob

188 2526 196 2541 ε
276 2504 314 2549 eo
334 2505 398 2567 quo
418 2492 572 2549 tenentur
594 2484 766 2568 apostoliea
788 2487 960 2565 sententio,
982 2486 1133 2551 relaxare.
1183 2486 1226 2549 In

276 2610 340 2672 quo
363 2582 451 2653 vobis
475 2610 494 2652 a
518 2589 660 2655 Domino
685 2590 848 2673 provisum
869 2611 939 2655 esse
960 2589 1161 2669 oonfidimns,
1183 2610 1227 2654 no

275 2692 383 2772 maris,
395 2699 429 2756 et
439 2692 610 2769 montium,
622 2699 655 2757 et
670 2700 853 2757 exterarum
862 2692 1032 2776 regionum
1043 2691 1229 2757 discrimino

275 2795 411 2879 experiri
428 2801 583 2879 oporteat,
599 2796 652 2859 oui
673 2796 852 2861 remedium
870 2803 1088 2880 opportunum
1104 2796 1140 2859 in
1157 2795 1227 2879 ipso

276 2898 398 2963 domini
413 2898 640 2983 archiepiscopi
654 2898 804 2980 adventu,
818 2900 959 2964 Domino
970 2899 1016 2963 sio
1027 2899 1226 2982 disponente,

276 3003 441 3067 adeelerat.
464 3002 637 3068 Dilectioni
650 3011 764 3069 vestrae
779 3010 973 3086 suggerente
987 3002 1129 3081 nolitote,
1139 3002 1228 3066 istud

276 3104 508 3169 notificandum
528 3105 688 3185 duximus,
702 3114 741 3171 nt
761 3107 807 3171 sio
821 3114 855 3171 et
868 3106 959 3170 vobis
969 3106 1065 3191 juxto
1078 3106 1140 3171 hoo
1153 3127 1226 3190 pro-
1246 3096 1252 3104 ’

275 3208 419 3289 videntis,
434 3216 468 3272 et
481 3207 515 3272 id
530 3210 557 3273 si
571 3210 685 3293 plooet,
701 3210 833 3275 domino
846 3209 1032 3290 Exoniensi,
1048 3210 1179 3275 domino
1192 3218 1227 3275 ot

276 3312 379 3377 amieo
406 3318 517 3377 nostro
546 3312 709 3377 carissimo
738 3314 906 3378 nuntietis.
954 3313 1081 3391 valete,
1111 3319 1145 3376 et
1173 3333 1227 3377 mo

276 3424 395 3481 vestros
409 3436 522 3501 preoor
535 3416 621 3481 inter
635 3416 754 3482 amieos
767 3416 886 3482 habete
900 3424 935 3483 et
948 3423 1107 3502 reputate.

294 3656 515 3723 EPISTOLA
536 3658 822 3724 Lxxv111.-sn
838 3678 1028 3723 cenomoos
1045 3678 1211 3722 nccnnsin

599 3782 903 3827 nnnnronnlnmls.

279 3896 315 3961 G.
335 3898 445 3981 qratia
463 3900 525 3962 Dei
539 3899 644 3975 obbas,
659 3903 690 3961 et
711 3896 962 3979 Herefordiensio
980 3895 1123 3974 ecclesie,
1139 3915 1226 3959 mon-

320 4002 393 4066 dato
416 4003 532 4066 domini
548 4023 641 4084 pape
662 4001 808 4078 manino,
831 4000 953 4063 dilectis
967 3998 1129 4080 fratribus
1150 4000 1227 4077 onio,

319 4104 457 4167 omnibns
478 4103 727 4187 Heresordiensis
753 4104 886 4167 ecclesie
910 4102 1076 4181 cometen,
1097 4103 1228 4165 salntem

319 4211 349 4267 et
365 4206 566 4271 dilectionem.

319 4346 502 4425 QUOMAM,
518 4345 724 4425 dilectissimi,
740 4346 892 4411 comitem
913 4342 1113 4409 Herefordioe
1128 4341 1227 4405 semel
