3225 5192
235 695 304 741 no.
323 675 521 760 nol-sa]
570 689 810 740 souooumusrs
824 695 1001 740 murone.
1125 679 1189 742 315

236 813 306 878 aliis
327 834 379 876 res
400 812 488 876 inter
510 809 588 875 alios
607 809 753 895 judicata
771 833 840 876 non
860 818 987 876 noceat.
1031 813 1192 878 Advertat

234 917 345 1000 itaque
365 913 540 998 prudentia
553 920 669 991 vestra,
686 913 764 997 quid
779 914 911 978 domino
924 937 1016 1000 papae
1030 916 1191 1000 scripseri-

235 1019 288 1096 tis,
311 1017 364 1082 cui
386 1023 424 1082 ut
447 1017 616 1081 literarum
640 1016 741 1100 ipsius
763 1024 857 1082 tenor
879 1017 1039 1103 exprimit,
1061 1039 1192 1084 cansam

236 1121 323 1184 inter
347 1121 512 1203 Rogerum
538 1125 571 1183 et
598 1117 773 1184 Ricardum
798 1120 988 1185 ventilatam
1013 1128 1048 1186 et
1069 1121 1193 1205 judicio

236 1221 445 1287 terminatam
460 1243 529 1286 esse
547 1221 727 1306 scripsistis.
773 1221 870 1288 Quod
889 1223 917 1286 si
936 1223 982 1287 sic
1002 1230 1111 1288 actum
1131 1230 1191 1303 est,

238 1326 322 1389 siout
336 1325 460 1389 factum
473 1324 591 1408 ipsum,
608 1323 654 1388 sic
667 1324 887 1407 improbamus
902 1333 935 1390 et
950 1326 1116 1409 scriptum.
1156 1325 1191 1390 Si

237 1451 312 1495 vero
326 1449 404 1509 non,
420 1427 478 1493 sed
496 1433 535 1492 ut
553 1427 740 1511 frequenter
758 1427 921 1492 humanus
936 1429 1054 1513 caligat
1068 1429 1191 1509 oculm,

238 1532 408 1616 negotium
430 1551 520 1596 secus
541 1551 638 1614 quam
658 1536 788 1614 gestum
807 1535 865 1594 aut
885 1530 1040 1614 scriptum
1059 1537 1119 1609 est,
1135 1531 1191 1596 do-

238 1636 348 1700 minus
369 1655 453 1720 papa
474 1633 632 1717 concepit,
653 1631 782 1698 videtur
804 1632 900 1698 nobis
921 1633 1052 1698 illorum
1075 1634 1191 1698 admit-

239 1739 340 1804 tenda
364 1737 519 1821 exceptio,
544 1735 601 1820 qui
625 1735 727 1820 precis
753 1735 871 1800 oblata
898 1743 933 1800 st
961 1743 1121 1820 suggestae
1145 1737 1192 1802 rei

239 1846 381 1924 arguunt
396 1839 582 1903 falsitatem.
628 1835 709 1902 Haec
723 1837 812 1902 enim
826 1859 894 1902 non
909 1859 1120 1923 quecumque
1132 1839 1192 1904 fal-

240 1944 318 2008 sitas
334 1949 392 2020 est,
408 1941 465 2006 sed
486 1962 558 2025 quae
576 1945 681 2005 totam
701 1940 832 2024 perimit
845 1961 950 2006 causae
965 1941 1191 2008 substantiam.

241 2045 321 2112 Quae
339 2045 402 2129 ipsi
420 2043 654 2128 possessionem
674 2043 798 2122 adimit,
816 2043 871 2127 qui
891 2066 1060 2128 nunquam
1074 2045 1193 2112 citatus
1290 2112 1298 2122 ,

240 2158 299 2215 est.
344 2150 507 2216 Adversus
523 2171 619 2232 quem
634 2169 696 2212 nec
710 2147 882 2212 actitatum
900 2149 937 2213 in
953 2149 1037 2234 jure,
1052 2171 1113 2215 nec
1131 2173 1192 2215 un-

241 2275 338 2337 quam
362 2253 609 2337 pronuntiatum
633 2258 692 2317 est.
740 2253 833 2318 Inter
855 2274 950 2337 quem
973 2262 1006 2318 et
1028 2254 1194 2339 Rogemm
1287 2268 1291 2273 ’

238 2356 340 2421 latam
359 2355 555 2422 sententiam
573 2354 629 2439 qui
647 2354 827 2433 confirmat,
842 2375 918 2418 cnm
938 2354 1009 2419 haec
1029 2357 1119 2420 nulla
1140 2357 1192 2436 sit,

240 2458 366 2522 nullam
385 2457 574 2523 confirmare
588 2455 725 2520 videtin.
770 2455 968 2519 Mandatum
981 2477 1057 2521 vero
1071 2457 1194 2522 domini

241 2582 331 2645 papae
352 2560 379 2624 si
399 2558 544 2638 differtis,
560 2579 627 2622 non
642 2556 802 2634 omittitis,
818 2577 879 2619 nec
893 2555 1097 2621 flustratoria
1113 2557 1193 2622 dila·

241 2664 288 2728 tio
309 2662 366 2726 illa
386 2660 536 2726 habenda
557 2667 616 2739 est,
640 2682 712 2743 quae
732 2659 867 2724 veritate
889 2660 985 2725 simul
1010 2665 1045 2724 et
1068 2660 1194 2724 ratione

242 2765 380 2830 subnixa
405 2772 464 2830 est.
509 2764 581 2828 Erit
610 2763 720 2846 itaque
750 2763 777 2826 si
806 2763 922 2847 placet,
948 2763 1079 2829 domino
1103 2784 1195 2848 papoe

240 2866 490 2946 rescribendum,
506 2873 539 2931 et
557 2866 658 2950 ipsius
678 2865 880 2944 mandatum,
898 2888 963 2950 qua
981 2887 1078 2930 causa
1092 2887 1194 2950 quau·

242 2977 339 3054 taque
362 2971 487 3034 ratione
510 2969 710 3047 distrderitis,
734 2968 955 3052 aperiendum.
1000 2969 1096 3035 Quod
1119 2989 1195 3032 cum

242 3095 282 3138 ex
304 3073 463 3157 suggestis
477 3071 627 3156 pendeat,
642 3071 719 3155 ipsis
734 3071 888 3155 derogata
903 3071 966 3136 fide
980 3070 1194 3135 differendum

243 3197 311 3240 esse
330 3176 439 3240 nullus
458 3176 597 3258 ignorat.
642 3173 782 3257 Pauperi
801 3195 875 3238 vero
895 3173 1146 3238 extraordinarie
1160 3179 1195 3238 et

242 3277 279 3342 in
298 3277 430 3342 alterius
448 3278 601 3362 injuriam
616 3274 795 3354 subvenire,
810 3297 878 3339 non
892 3296 1021 3358 aequum
1036 3274 1194 3353 ducimus,

244 3402 320 3446 cum
334 3401 430 3464 super
443 3381 505 3444 hoc
520 3379 629 3444 divina
647 3379 699 3442 lex
719 3377 855 3443 habeat:
880 3377 978 3440 ‘Non
994 3375 1196 3440 misereberis

243 3484 393 3571 pauperis
413 3484 450 3548 in
468 3483 612 3569 judicio,'
637 3488 671 3547 ct
692 3481 836 3566 judicem
861 3479 1054 3544 calamitosis
1078 3478 1195 3544 illacri-

243 3589 325 3652 mari
339 3609 407 3652 uon
421 3587 548 3665 debere,
564 3587 586 3651 J
587 3585 770 3650 ustiniauus
785 3584 853 3670 ipsc
868 3584 1030 3648 decernat.
1067 3583 1195 3662 valete,

244 3695 277 3754 et
292 3691 451 3756 saniorem
465 3690 614 3775 praeferre
629 3689 826 3756 sententiam
839 3709 907 3753 non
921 3685 1072 3752 omittite.
