3225 5192
303 695 369 740 un.
387 652 585 761 urs-bl]
636 696 1125 747 nnanroamrusmnrrsronu.
1191 684 1254 768 t69

305 1124 527 1191 EPISTOLA
548 1128 773 1193 cxxx-an
791 1150 974 1196 arcannm(
991 1152 1256 1199 nounorlnnsnu

681 1254 883 1299 nr1sooruu.

311 1390 485 1453 Venerabili
505 1390 628 1453 umero
643 1388 806 1473 aarum
821 1391 982 1454 carissimo
996 1392 1035 1455 a.
1051 1392 1258 1457 mutarem
1321 1347 1348 1369 ”

348 1494 409 1556 Dei
416 1494 524 1575 qratia
539 1493 689 1574 episcopo,
695 1491 807 1574 frater
821 1494 859 1556 G.
869 1493 1116 1576 Herefordieusis
1127 1496 1259 1559 eeclesiae

348 1596 497 1673 minister,
512 1597 643 1658 salutem
658 1602 689 1658 et
704 1596 905 1659 dilectionem.

351 1747 528 1810 Scnrrrnu
544 1746 641 1825 nosti,
653 1746 825 1825 carissime,
833 1746 924 1832 justo
935 1746 1087 1831 quicquid
1096 1748 1258 1828 acciderit,

306 1847 340 1913 id
363 1849 469 1934 ipsum
491 1849 626 1913 minime
651 1849 851 1933 perturbare.
896 1850 984 1914 Illud
1008 1852 1097 1915 cuim
1123 1852 1259 1941 apostoli
1319 1913 1321 1916 .

307 1952 411 2017 cordis
431 1953 531 2017 oculis
552 1953 710 2031 intuetur,
730 1957 740 1988 ‘
751 1952 846 2017 bouis
864 1954 901 2016 in
923 1951 1046 2018 bonum
1068 1962 1187 2024 cuneta
1206 1974 1260 2019 co·

307 2054 453 2138 operari!
498 2055 596 2118 Unde
616 2076 768 2138 prospera
782 2056 809 2119 si
824 2056 958 2119 affluant
975 2056 1139 2140 prophetae
1153 2058 1259 2121 conci·

307 2158 357 2221 nit
373 2158 491 2236 dicens,
509 2157 675 2222 ‘Cantaba
695 2158 838 2223 Domino
853 2159 909 2242 qui
928 2158 1014 2223 bona
1027 2158 1142 2223 tribuit
1156 2160 1258 2224 mihi!

308 2261 452 2324 Adversa
481 2261 508 2324 si
537 2260 677 2340 obvient,
704 2259 787 2324 illud
813 2261 918 2325 cordis
942 2261 1035 2325 labiis
1063 2263 1259 2342 modulatur,

309 2363 527 2427 ‘obumbrasti
548 2374 645 2447 caput
664 2386 773 2431 meum
792 2364 828 2428 in
843 2364 895 2428 die
915 2363 1011 2428 belli!
1058 2367 1148 2443 Haec,
1164 2367 1259 2430 caris-

309 2467 398 2545 sime,
423 2466 502 2531 dum
529 2488 658 2530 mecum
683 2476 808 2549 reputo,
833 2468 869 2530 iu
898 2475 933 2531 te
956 2467 1077 2531 nullius
1101 2469 1260 2552 impetum

308 2568 446 2632 fortunae
461 2570 674 2651 perhorresco.
714 2570 797 2635 Quae
811 2569 887 2633 laeta
900 2570 928 2634 si
942 2571 1075 2649 venerit,
1091 2580 1259 2636 mansuete

308 2671 489 2754 suscipitur,
505 2671 637 2736 adversa
651 2672 678 2735 si
692 2679 835 2755 proruat,
850 2671 939 2736 haud
953 2673 1097 2737 timetur.
1136 2673 1259 2758 Hujus-

308 2774 397 2838 modi
416 2774 496 2837 mihi
519 2774 559 2839 de
579 2784 614 2839 te
634 2776 727 2841 facile
748 2776 944 2860 persuadent
962 2776 1081 2840 mentis
1099 2783 1166 2841 tuae
1183 2798 1260 2841 con·

309 2876 428 2940 stantia
438 2884 471 2939 et
482 2876 606 2940 viarum
622 2884 752 2941 tuarum
764 2877 891 2962 jamdiu
905 2883 985 2942 nota
998 2878 1161 2961 perfectio.
1178 2879 1260 2944 Quae

309 2979 334 3043 si
362 3000 459 3062 quam
480 2980 572 3043 firme
594 3000 758 3062 speramus
780 2980 921 3045 radicem
943 3002 1033 3045 suam
1055 2981 1123 3045 solo
1142 2980 1260 3045 mentis

309 3090 375 3146 tuse
388 3083 547 3162 inserunt,
559 3089 593 3146 te
608 3082 738 3166 quidem
753 3103 822 3147 non
836 3084 871 3147 in
885 3084 957 3149 luto
970 3106 1127 3167 aquarum
1143 3085 1261 3149 multa-

309 3207 382 3249 rum
411 3192 508 3249 vento
538 3186 694 3268 agitatam
724 3186 927 3265 arundiuem,
954 3188 1011 3251 aed
1039 3188 1075 3253 in
1103 3188 1261 3251 virtutum

310 3288 436 3353 Libano
453 3288 585 3353 cedrum
607 3290 699 3353 firme
723 3290 909 3369 radicatam,
925 3291 1146 3374 temptationis
1164 3292 1261 3355 flatus

309 3392 461 3455 inveniet.
505 3391 577 3455 Nec
599 3391 729 3475 quidem
751 3392 816 3456 ista
838 3393 965 3477 profero
984 3394 1075 3476 quasi
1093 3394 1261 3457 adversum

311 3493 430 3577 aliquid
455 3492 491 3558 in
513 3500 547 3557 te
572 3494 653 3557 mibi
675 3501 743 3559 tuae
768 3501 864 3559 tenor
886 3495 1029 3579 epistolae
1054 3496 1260 3562 nuntiaverit.

203 3644 209 3655 .
310 3596 456 3661 Nunciat
485 3596 616 3681 quidem
645 3598 815 3663 adversum
843 3606 877 3663 te
907 3599 1104 3682 appellatum
1134 3606 1167 3663 et
1192 3600 1262 3684 jam

310 3700 404 3763 factm
433 3700 616 3765 donationis
641 3708 707 3765 tum
736 3686 985 3767 celebrationem
1015 3702 1192 3767 solemnem
1221 3702 1263 3767 ad

310 3802 478 3866 dominum
496 3824 614 3889 papam
628 3803 821 3889 interposita
834 3805 1049 3889 appellatione
1064 3827 1261 3889 suspensam.

311 3906 352 3969 In
367 3905 429 3969 boc
439 3926 515 3969 vero
529 3905 607 3990 quid
618 3906 805 3986 advertitur,
818 3908 882 3971 nisi
892 3908 978 3992 quod
994 3908 1094 3971 animi
1108 3907 1157 3971 tui
1171 3915 1263 3991 tepor

312 4014 368 4072 aut
383 4014 493 4091 torpor
507 4009 674 4088 excitetur,
691 4016 746 4073 aut
762 4010 950 4074 excutitur?
987 4010 1075 4075 Nam
1090 4010 1146 4094 qui
1160 4009 1263 4074 homi·

311 4132 387 4175 uem
407 4111 502 4195 juxta
525 4132 579 4175 cor
602 4118 697 4175 tuum
719 4111 897 4191 inveneras,
913 4120 948 4177 te
965 4113 1001 4176 in
1023 4113 1137 4177 melius
1160 4113 1265 4195 gratia

310 4221 526 4297 promovente,
557 4213 663 4298 ipsum
693 4215 823 4298 quidem
853 4215 1010 4279 debueras
1038 4237 1104 4279 non
1133 4220 1263 4277 tantum

311 4317 425 4381 melius
441 4316 522 4396 dico,
539 4316 595 4381 sed
617 4324 650 4380 et
672 4318 707 4381 in
729 4325 763 4382 te
782 4318 922 4383 alterum
940 4317 1143 4405 promovisse.
1189 4316 1263 4379 Jam
