3225 5192
291 675 573 759 ι.ιι.116]-89.]
626 693 1069 739 nosnoainasrsemsronn.
1180 675 1244 736 357

292 813 443 879 morienti
465 813 629 892 commori,
652 812 779 896 lugenti
801 811 1031 888 conlacrimari,
1054 806 1165 891 largiri
1187 829 1246 872 sua

292 925 331 982 ut
353 916 394 982 ad
418 939 550 982 manum
570 915 731 1001 poeuitens
749 916 869 981 habeat
889 937 953 999 quo
971 921 1140 998 peceatum
1162 911 1246 975 redi·

293 1021 411 1085 mendo
431 1019 656 1085 necessitatem
676 1020 814 1103 patienti
832 1017 1012 1097 subveniat,
1030 1023 1069 1080 ut
1091 1015 1157 1079 duo
1178 1036 1246 1078 non

293 1131 423 1188 tantum
442 1121 477 1186 in
496 1143 592 1188 carne
607 1107 682 1199 una,
698 1121 754 1186 sed
769 1121 852 1185 etin
868 1141 934 1184 uno
949 1119 1064 1203 spiritu
1078 1117 1245 1180 invenian-

292 1232 358 1289 tur.
392 1225 489 1291 Quod
505 1225 532 1288 si
547 1231 695 1308 suspecta
709 1224 813 1288 solum
829 1230 887 1302 est,
903 1229 942 1286 ut
957 1221 1094 1304 suspicio
1109 1218 1246 1304 perima-

292 1333 357 1406 tur,
367 1332 405 1389 ut
419 1347 480 1409 pax
491 1326 559 1389 viro
570 1325 769 1404 concilietur,
784 1334 930 1389 taxatum
943 1325 1165 1409 juramentum
1180 1322 1245 1385 suf-

293 1430 389 1509 ficiet,
411 1451 512 1512 quum
534 1429 638 1495 omnis
660 1429 883 1494 controversia
904 1429 1004 1492 finem
1024 1429 1246 1513 juramentum

213 1553 218 1564 “
294 1533 415 1598 Paulus
430 1553 499 1596 esse
514 1539 753 1597 commemorat.
798 1533 887 1596 Nam
908 1532 934 1595 si
953 1531 1030 1616 quid
1049 1538 1161 1595 coacta
1175 1550 1245 1612 spo·

293 1635 417 1720 pondit,
443 1635 527 1700 absit
554 1643 591 1700 ut
617 1637 678 1700 hoc
700 1636 801 1720 judex
825 1636 1057 1701 ecclesiasticus
1083 1633 1245 1711 admittat,

294 1739 379 1822 quod
405 1739 504 1803 seculi
526 1739 651 1823 judices
680 1738 852 1823 reprobare
880 1761 947 1804 non
976 1739 1113 1823 ignorat.
1158 1737 1246 1800 Nam

294 1840 380 1926 quod
394 1842 425 1906 vi
440 1850 584 1907 metusve
599 1864 695 1907 causa
708 1843 832 1906 factum
847 1844 897 1907 vel
916 1843 1039 1906 dictum
1059 1847 1118 1920 est,
1137 1850 1246 1904 ratum

292 1966 361 2009 non
382 1945 490 2025 habet,
507 1954 541 2010 et
560 1947 655 2030 juxta
677 1968 793 2030 papam
809 1946 1040 2022 Alexandrum,
1058 1945 1085 2009 si
1105 1944 1182 2028 qnid
1206 1943 1246 2006 ab

294 2047 400 2132 aliquo
423 2070 479 2133 per
502 2049 577 2129 vim,
600 2071 657 2133 per
680 2057 814 2128 metum,
837 2057 894 2115 aut
914 2049 1062 2114 fraudem
1084 2056 1247 2113 extortum

293 2159 352 2232 est,
377 2151 418 2217 ad
441 2153 568 2219 nullum
594 2155 663 2238 ejus
690 2153 913 2238 praejudicium
939 2155 989 2218 vel
1015 2162 1247 2218 nocumentum

292 2255 387 2319 valet.
419 2256 545 2320 Valete.

314 2465 536 2530 EPISTOLA
559 2466 816 2532 ocimu-in
832 2489 1044 2532 wlnnnnnuu
1062 2489 1225 2532 iaanenu

642 2590 899 2633 aanlnounsnn.

296 2719 335 2781 G.
351 2719 412 2781 Dei
430 2720 538 2802 pratia
552 2719 776 2783 Londccieasis
787 2722 955 2802 episcopie
970 2721 1139 2784 venerabili
1145 2721 1249 2802 fratri

337 2827 368 2886 et
388 2824 488 2886 amico
508 2823 554 2886 W.
575 2824 682 2886 eadem
698 2825 807 2906 qratia
827 2825 934 2887 abbati
947 2825 1149 2908 lindissem,
1164 2827 1248 2888 sclu-

338 2932 397 2989 tem
412 2931 443 2990 et
458 2925 659 2990 dilectionem.

339 3076 494 3141 (inauras
511 3100 571 3162 ago
586 3079 819 3144 benevolentiis
834 3086 947 3143 vestrae
967 3101 1039 3162 quae
1059 3101 1125 3143 non
1145 3081 1249 3144 solum

294 3179 375 3243 mihi
395 3181 584 3264 prospicere,
600 3195 633 3246 et
653 3183 733 3246 meis
753 3204 821 3246 non
841 3182 967 3246 desistit
985 3182 1180 3247 utilitatibus
1195 3205 1248 3248 ex-

293 3281 423 3361 cubare,
446 3305 555 3347 verum
582 3305 679 3367 super
707 3285 758 3348 his
789 3307 860 3368 quae
884 3285 1024 3366 maligne
1049 3284 1249 3350 fabricantur

295 3384 463 3448 adversum
479 3407 540 3463 me,
556 3387 699 3451 fraterna
718 3409 770 3452 me
791 3387 925 3453 caritate
944 3410 1142 3471 praemonere
1157 3411 1247 3454 cura·

294 3489 340 3552 vit
363 3495 396 3553 et
418 3489 620 3572 praemunire.
667 3491 861 3556 Remedium
883 3514 966 3570 vero,
990 3493 1076 3576 quod
1100 3493 1249 3558 adremon

294 3591 546 3655 extraordinaria
568 3591 719 3675 quaelibet
739 3593 928 3676 gravamina
946 3594 1079 3658 unicum
1097 3595 1249 3659 omnibus

295 3694 377 3759 sacri
403 3702 583 3778 suggerunt
608 3715 758 3776 canones,
785 3697 937 3762 adversus
963 3699 1095 3764 emissas
1117 3701 1186 3784 jam
1211 3709 1249 3762 ut

294 3794 412 3859 dicitur
430 3796 623 3876 vocationes,
644 3797 796 3864 adversus
818 3801 996 3883 propositas
1019 3801 1142 3866 domini
1163 3803 1249 3865 Can-

294 3897 466 3962 tuariensis
492 3898 635 3979 insidias,
662 3901 886 3988 appellationis
912 3903 1092 3968 subsidium
1121 3902 1249 3986 publice

292 4001 360 4085 jam
385 4001 546 4085 proposui.
600 4003 644 4066 Et
668 4024 709 4066 ne
735 4003 814 4088 quid
839 4005 924 4069 circa
948 4027 1118 4089 personam
1143 4026 1249 4069 meam

296 4111 352 4167 aut
372 4105 604 4187 possessionem
624 4127 739 4185 meam,
762 4127 806 4170 ne
827 4107 905 4191 quid
924 4109 1008 4172 circa
1028 4108 1173 4173 ordinem
1193 4115 1250 4172 aut

296 4207 452 4272 hon'orem
476 4229 583 4272 meum
606 4209 782 4293 praejudicii
805 4212 871 4289 fiat,
892 4212 1040 4276 invocata
1061 4211 1251 4274 auctoritate

295 4311 378 4376 sedis
408 4311 590 4394 apostolicae
620 4335 672 4377 me
703 4315 902 4378 communire
930 4315 1046 4394 curavi,
1074 4315 1114 4378 dc
1144 4315 1251 4378 divina
