3225 5192
404 653 446 716 16
639 666 806 714 oronnam
824 668 944 712 remor
959 645 1109 711 aaaams‘

401 811 506 876 nuper
525 789 655 856 directis
674 788 777 853 xeniis
797 807 851 852 mc
869 807 1000 871 pascere
1022 786 1120 850 simul
1141 785 1277 871 dignata
1297 795 1356 867 est,

402 901 435 960 et
455 894 579 958 docere.
624 891 810 958 Perfectum
829 911 951 954 munus
971 890 1109 971 aestimo,
1129 891 1217 974 qnod
1235 893 1360 977 corpori

401 997 438 1060 in
452 995 661 1060 refectionem
675 1001 725 1060 est
743 999 776 1058 et
797 994 915 1059 animae
928 992 1162 1059 nibilominus
1152 1015 1189 1057 ιιι
1202 995 1358 1110 saginum.

402 1095 552 1164 Infelices
567 1098 680 1182 epulae,
694 1096 753 1162 ubi
766 1103 881 1161 totum
900 1116 1018 1181 corpus
1036 1095 1228 1176 absumitur,
1243 1103 1278 1161 et
1297 1097 1359 1182 spi·

401 1203 507 1267 ritus'
498 1224 535 1266 ιιι
549 1203 639 1268 nullo
653 1201 805 1266 reficitur.
850 1201 976 1264 Verum
989 1220 1043 1265 mc
1056 1200 1154 1284 longe
1173 1200 1267 1266 aliter
1281 1221 1359 1285 epu·

401 1305 471 1385 lari,
487 1305 538 1370 tui
551 1305 634 1370 ratio
648 1304 792 1368 muneris
806 1303 1005 1387 introspecta
1017 1303 1198 1387 persuadet.
1236 1303 1359 1370 Misisti

401 1407 483 1474 mihi
501 1408 614 1492 pisces,
631 1407 687 1472 sed
702 1408 793 1486 duos,
807 1409 963 1491 majorem
976 1428 1091 1486 unum,
1105 1405 1265 1472 minorem
1280 1407 1357 1473 alte·

401 1535 485 1593 rum,
501 1513 646 1598 ejusdem
667 1513 793 1598 generis
814 1521 991 1597 utrumque
1009 1513 1143 1578 bonum.
1189 1512 1272 1580 Quae
1290 1535 1357 1577 om·

402 1617 457 1682 nia
477 1617 664 1682 interiorem
685 1616 851 1680 hominem
871 1636 983 1680 meum
1001 1622 1054 1680 tot
1071 1615 1199 1699 replent
1217 1613 1356 1695 ferculis,

403 1727 482 1805 quot
507 1720 661 1783 erudiunt
686 1719 899 1782 documentis.
952 1719 1042 1783 Nam
1070 1720 1356 1803 primoomnium,

403 1823 479 1907 quia
499 1820 601 1904 pisces
623 1817 749 1896 misisti,
771 1817 852 1882 mibi
873 1817 1066 1902 piscatorem
1086 1820 1180 1883 illum
1200 1841 1357 1903 maguum

403 1922 445 1990 ed
463 1919 651 1986 memoriam
671 1920 837 1984 revocasti.
882 1918 982 1984 Illum
999 1920 1133 2004 inquam
1154 1921 1356 2006 piscatorem,

401 2045 497 2109 quem
517 2023 677 2087 Dominus
694 2030 844 2088 vocatum
863 2023 905 2087 de
923 2024 1007 2104 navi,
1031 2046 1099 2090 non
1122 2026 1228 2091 solum
1250 2027 1353 2091 homi-

402 2149 461 2192 nes
482 2126 597 2211 piscari
616 2125 727 2204 voluit,
743 2127 800 2191 sed
821 2125 863 2192 ob
884 2134 1068 2212 promptam
1089 2128 1166 2194 fidei
1186 2131 1357 2195 confessio·

403 2249 489 2308 nem,
506 2227 679 2311 apostolico
695 2226 792 2292 etiam
807 2228 942 2292 culmini
956 2231 1156 2314 praerogavit.
1203 2232 1357 2316 suggeris

403 2332 520 2396 animae
538 2352 620 2394 meae
639 2331 705 2394 suis
724 2329 947 2395 indesinenter
967 2340 1161 2415 prasentare
1180 2335 1357 2419 conspecti-

402 2434 473 2514 bus,
497 2455 536 2498 eo
558 2431 644 2516 quod
666 2453 718 2496 me
741 2431 798 2496 diu
815 2431 976 2516 jactatum
999 2433 1151 2498 fluctibus
1172 2436 1269 2500 hamo
1291 2459 1358 2502 suae

402 2535 588 2621 piscationis
604 2534 786 2615 extruxerit,
798 2541 833 2599 et
846 2535 882 2599 in
896 2557 1016 2620 magna
1030 2537 1260 2601 monachorum
1275 2539 1359 2603 urbe

403 2661 535 2704 suorum
557 2638 689 2722 collegio
711 2638 922 2722 deputaverit.
968 2639 1066 2706 Quod
1086 2643 1197 2704 tamen
1219 2661 1287 2706 non
1309 2643 1359 2707 ita

403 2741 548 2822 dixerim,
569 2763 606 2806 cc
626 2741 653 2804 si
673 2741 713 2805 de
735 2742 943 2807 conversione
961 2742 1013 2806 vel
1031 2743 1271 2807 conversatione
1286 2744 1356 2827 jam

402 2845 483 2908 mihi
498 2865 628 2909 securus
643 2844 714 2924 sim,
726 2866 829 2928 quum
842 2845 969 2930 ignoret
983 2846 1090 2924 homo,
1106 2867 1214 2910 amore
1229 2845 1272 2909 sit
1286 2844 1355 2928 dig·

402 2968 465 3011 nus
487 2967 528 3010 an
551 2946 635 3025 odio,
656 2952 689 3010 et
707 2947 884 3030 unicuique
897 2948 1007 3010 omnia
1020 2948 1057 3011 in
1070 2954 1234 3029 posterum
1255 2969 1356 3012 reser-

401 3053 529 3112 ventur.
573 3049 653 3111 Nou
667 3047 755 3110 enim
774 3049 811 3110 in
831 3055 943 3110 sancto
962 3049 1033 3110 loco
1051 3047 1160 3125 frume,
1176 3047 1231 3111 sed
1252 3050 1356 3132 magis

402 3151 439 3213 in
454 3149 625 3212 sanctitate
640 3149 827 3230 perstitisse,
843 3147 1004 3211 laudabile
1019 3155 1078 3212 est.
1120 3149 1254 3215 Frustra
1268 3152 1356 3215 enim

403 3250 571 3328 currimus,
587 3249 614 3313 si
633 3269 701 3312 non
721 3247 1032 3330 comprehendimus.
1078 3250 1122 3315 Et
1141 3249 1225 3316 bene
1243 3252 1356 3317 incho-

403 3359 457 3418 ata
478 3351 644 3438 principia,
667 3350 902 3414 consummatio
926 3353 994 3416 sola
1014 3362 1211 3421 remunerat.
1257 3355 1355 3420 Unde

403 3461 437 3520 et
449 3455 507 3520 filii
518 3453 629 3531 Israel,
644 3459 717 3536 post
732 3451 855 3516 exitum
869 3453 910 3518 de
919 3454 1063 3540 AEgypto
1077 3463 1111 3521 et
1124 3458 1224 3522 maris
1237 3459 1354 3522 transi-

402 3565 485 3635 tum,
501 3556 577 3640 quia
590 3555 686 3619 corde
700 3575 768 3619 non
782 3561 953 3636 steterunt,
969 3559 1088 3624 tentati
1102 3567 1180 3624 sunt
1199 3567 1233 3625 et
1252 3561 1354 3643 perie-

402 3665 491 3723 runt.
536 3658 643 3725 Quem
658 3679 709 3722 res
723 3659 786 3722 ista
799 3679 868 3722 non
882 3661 1030 3725 moveat?
1074 3662 1127 3726 Ad
1147 3684 1206 3727 noa
1225 3663 1355 3747 respicit

402 3762 472 3826 haec
485 3759 656 3845 parabola3
672 3761 817 3846 AEgypto
836 3763 925 3828 enim
938 3764 1025 3828 exire
1040 3771 1100 3845 est,
1115 3786 1136 3829 a
1149 3766 1301 3830 caecitatis
1321 3773 1354 3831 et

400 3863 593 3946 ignorentiae
612 3863 778 3930 tenebris
769 3886 804 3929 ιιι
819 3866 925 3930 lucem
939 3867 1016 3931 fidei
1029 3869 1204 3951 pervenire.
1250 3869 1354 3933 Maris

401 3967 558 4031 transitus
577 3972 635 4045 est,
651 3967 751 4031 virtut
737 3974 771 4032 te
790 3967 992 4053 baptismatis
1012 3992 1033 4034 a
1051 3977 1209 4036 vetustate
1229 3972 1353 4056 peccati

401 4069 437 4132 in
452 4070 628 4132 novitatem
643 4069 755 4152 gratiae
769 4072 934 4156 respirare.
976 4073 1020 4137 In
1034 4073 1161 4139 deserto
1174 4075 1278 4158 perire
1293 4081 1352 4152 est,

401 4177 473 4255 post
495 4177 659 4255 acceptam
677 4173 828 4238 notitiam
847 4176 990 4240 veritatis
1011 4182 1045 4240 et
1067 4177 1188 4259 gratie
1207 4183 1353 4260 peccato·

402 4293 475 4338 rum
505 4275 650 4340 servituti
680 4275 897 4358 succumbere,
923 4286 957 4342 et
984 4279 1021 4342 ιιι
1045 4279 1096 4342 his
1121 4279 1220 4342 vitam
1249 4281 1352 4344 linire.
