3225 5192
369 640 434 705 184
674 660 839 707 omnum
854 658 1007 705 mocon

425 942 646 1059 musuoui
669 991 862 1057 CXL.-sn
877 1010 1091 1055 wunnsnssuu
1107 1008 1273 1054 sactum-

444 1133 448 1142 ·
631 1114 774 1159 sconuu
790 1114 1067 1159 nouooumusnss.

294 1219 299 1230 '
379 1246 415 1309 o.
440 1247 502 1310 na
521 1248 631 1329 ,ratu
653 1246 903 1327 Hoffmann
925 1247 1095 1327 epscopus,
1119 1244 1242 1308 aucto
1266 1244 1331 1306 aas

424 1348 577 1413 Willslmo
612 1349 822 1415 Londouiensi
858 1350 1078 1413 archidiacono
1114 1353 1146 1411 et
1179 1346 1330 1429 mouistro

422 1450 572 1531 Hemico,
587 1455 727 1517 salutem.

421 1600 534 1671 Jonas
553 1602 635 1668 iliud
656 1604 847 1683 Salomonis,
866 1603 963 1668 multi
984 1602 1141 1669 assistunt
1162 1622 1271 1667 noram
1284 1599 1331 1665 fa·

379 1704 462 1769 ciem
478 1706 669 1791 principum,
685 1706 743 1772 sed
761 1707 909 1772 omnium
928 1705 1092 1771 sententia
1110 1726 1151 1770 ex
1170 1705 1243 1769 Deo
1261 1725 1332 1789 pro·

379 1807 475 1873 uadit.
519 1809 561 1874 In
581 1810 651 1894 ejus
670 1832 771 1875 manu
790 1808 887 1875 corda
906 1814 984 1873 sunt
1002 1830 1128 1893 rogum,
1144 1814 1178 1873 et
1197 1808 1267 1893 ipse
1285 1828 1333 1885 es,

380 1932 481 1994 quum
503 1912 582 1992 vult,
604 1912 646 1977 sd
667 1934 763 1979 omno
786 1913 873 1997 quod
895 1912 1037 1996 disponit
1059 1910 1207 1976 inflectit.
1252 1908 1334 1974 Inde

380 2020 440 2092 ost,
456 2014 541 2097 quod
562 2015 589 2078 si
609 2018 751 2099 negotio,
769 2016 855 2100 qnod
870 2015 1005 2079 viriliter
1018 2015 1224 2094 assumsistis,
1240 2034 1334 2077 suum

380 2114 532 2179 dominus
551 2137 607 2180 rex
626 2118 773 2182 nondum
792 2118 915 2202 prabet
937 2139 1114 2197 assensum,
1136 2138 1205 2181 non
1225 2124 1336 2181 tamon

382 2218 617 2303 desperandum
632 2222 682 2285 vel
697 2243 717 2286 a
731 2222 895 2306 proposito
909 2242 952 2287 en
969 2266 1111 2289 .....
1126 2219 1336 2285 resiliendum

380 2330 443 2401 ost,
459 2344 559 2407 quum
574 2323 617 2387 sit
630 2324 821 2389 facillimum
836 2325 918 2403 Deo,
934 2346 990 2390 oor
1003 2325 1072 2410 ejus
1087 2330 1121 2389 ot
1136 2324 1282 2389 animum
1296 2322 1337 2387 ad

382 2425 418 2491 id
432 2426 518 2510 quod
532 2426 594 2492 sibi
613 2428 769 2511 placitum
784 2429 893 2509 fauerit,
908 2428 1075 2493 inclinare.
1120 2428 1218 2495 Quod
1232 2427 1268 2492 in
1281 2448 1338 2492 ne·

384 2532 473 2614 gotio
488 2553 655 2596 summum
669 2540 728 2612 est,
740 2534 810 2619 jam
824 2534 1008 2617 oomplostis
1015 2558 1025 2613 3
1048 2532 1181 2598 obsecro
1199 2553 1243 2596 no
1262 2552 1339 2598 oura

384 2635 520 2700 minima
545 2635 710 2701 deficiatis.
756 2636 920 2701 Canonioo
944 2636 1106 2701 oslobrats
1132 2636 1258 2715 electio,
1284 2634 1338 2699 de·

383 2738 473 2803 foetu
501 2746 606 2805 vestro
638 2760 681 2805 no
715 2739 852 2819 deficiat,
883 2760 956 2823 quau
984 2740 1049 2804 cito
1077 2739 1213 2822 plenum
1240 2737 1339 2803 robus

384 2841 537 2907 habitura
565 2848 624 2923 ost,
651 2843 678 2907 si
709 2842 770 2929 ipsi
798 2864 1004 2927 nequaquam
1029 2842 1221 2907 defoooritis.
1265 2842 1340 2909 Quo

386 2943 474 3007 enim
495 2942 584 3007 vobis
605 2944 709 3028 major
729 2944 780 3009 vel
803 2944 891 3029 apud
913 2945 1021 3009 Deum
1044 2944 1158 3028 gratis,
1180 2946 1233 3010 vol
1254 2943 1340 3027 spnd

385 3046 533 3111 homines
563 3046 673 3130 gloria,
700 3068 831 3113 oausam
860 3047 933 3127 Dei,
963 3048 1150 3131 postpositis
1179 3048 1339 3126 omnibns,

386 3148 521 3213 viriliter
548 3148 726 3229 inchoasse,
756 3172 795 3215 oo
824 3149 1043 3215 abundantior
1079 3158 1257 3234 sequutura
1291 3157 1341 3215 est

388 3250 543 3329 ooniusio,
560 3252 596 3331 si,
613 3252 699 3336 qnod
719 3254 814 3333 absit,
828 3252 1027 3319 fortitudinis
1047 3254 1164 3338 spiritu
1182 3254 1341 3333 destituti,

389 3353 430 3419 ab
442 3376 480 3419 eo
492 3356 577 3439 quod
588 3356 678 3421 vobis
692 3356 815 3422 domini
831 3378 931 3441 papae,
946 3364 980 3421 ot
994 3358 1141 3421 omnium
1154 3358 1222 3422 fero
1236 3357 1341 3422 conoi-

388 3457 448 3521 list
463 3458 567 3535 cordo,
583 3459 747 3525 recedetis.
780 3459 995 3525 confortetur
1007 3460 1118 3545 itaque
1131 3482 1187 3525 cor
1200 3467 1343 3525 vostrum

389 3560 425 3625 in
443 3560 585 3626 Domino
600 3562 772 3642 entissime,
789 3570 823 3627 et
833 3563 929 3648 juxta
942 3564 1010 3627 vias
1025 3584 1104 3646 qaas
1117 3562 1207 3628 vobis
1222 3564 1343 3647 aperiet

390 3664 561 3744 Dominus,
574 3666 660 3750 quod
675 3667 817 3751 ooepistis
831 3667 968 3750 explete,
979 3674 1013 3731 et
1027 3666 1069 3732 de
1082 3666 1176 3732 nobis
1189 3668 1226 3731 in
1241 3688 1342 3751 qusn-

390 3773 462 3831 tum
487 3766 592 3833 facere
621 3791 800 3853 possumus,
831 3770 868 3834 in
896 3769 1028 3854 negotio
1056 3770 1152 3835 amici
1181 3770 1343 3836 oonfidite.

390 3871 518 3937 Valete.
