3225 5192
224 688 290 733 nn.
312 666 510 754 1148-61.]
555 684 836 731 neamoanmnsrs
850 686 1025 733 namucum
1117 674 1178 737 143

224 802 327 868 mittit
342 802 487 887 injurias,
503 802 635 866 adversa
645 803 714 886 jam
725 804 868 887 jocunde
882 802 1030 884 surfiuet,
1042 806 1177 891 jamjam

223 905 298 969 loris
309 906 443 989 alligata
453 905 627 989 patientiae,
640 904 680 969 ab
695 905 785 969 omni
800 902 1178 973 inordinataeroluntatis

223 1010 349 1093 impetu
364 1008 541 1086 cohibetur,
558 1016 591 1071 et
611 1007 757 1091 subjecta
770 1008 904 1073 rationis
923 1010 1066 1093 imperio,
1082 1013 1178 1095 pleno

220 1113 288 1197 jam
304 1110 449 1175 dominio
466 1110 657 1195 possidetur,
673 1118 850 1176 attestante
868 1113 1002 1178 veritate
1021 1134 1093 1198 quae
1112 1116 1176 1179 ait:

225 1215 287 1277 ‘In
319 1214 477 1294 patientia
505 1220 612 1278 vestra
645 1212 855 1297 possidebitis
881 1216 1005 1280 animas
1034 1218 1177 1281 vestras!

225 1318 403 1382 Persuadet
416 1316 503 1381 idem
517 1316 598 1380 mihi
612 1322 723 1381 turtur
733 1317 787 1381 ille
802 1318 967 1402 mysticus,
979 1339 1045 1383 non
1060 1320 1177 1404 abrup-

224 1426 296 1483 tum
315 1420 438 1484 habens
458 1420 494 1483 in
509 1420 671 1498 sacrificia,
687 1420 744 1484 sed
758 1428 917 1484 retortum
932 1428 1030 1505 caput
1043 1423 1086 1487 ad
1099 1444 1178 1506 pen-

224 1524 329 1601 nulas,
346 1523 407 1587 hoc
429 1522 510 1587 mihi
532 1523 685 1602 olamans,
702 1522 766 1587 hoc
787 1523 976 1607 praedicans,
992 1532 1030 1588 ιιι
1052 1525 1079 1589 si
1101 1525 1180 1609 qnid

223 1624 342 1689 horum
368 1647 440 1709 qum
464 1632 575 1690 turtur
599 1625 667 1709 ipse
692 1626 873 1709 figuraliter
894 1627 1044 1710 exprimit
1067 1629 1103 1691 iu
1125 1648 1179 1693 me

224 1728 367 1794 Domino
382 1728 566 1807 sacrificem,
582 1750 649 1793 uon
663 1729 795 1793 inanem
811 1730 946 1811 gloriam
961 1730 1114 1795 sectando
1128 1732 1178 1795 rel

225 1831 373 1913 gratiam,
386 1854 406 1896 a
419 1852 494 1897 vero
511 1832 633 1897 Christi
647 1854 778 1917 corpore
794 1834 880 1918 quod
894 1842 943 1898 est
958 1834 1090 1906 ecclesia
1102 1835 1177 1899 fuco

225 1955 277 1998 me
302 1933 442 2017 quodam
465 1936 678 2000 simulationis
701 1936 903 2021 abrumpam,
924 1938 980 2002 sed
1002 1939 1178 2023 principale

224 2039 355 2117 mentis,
376 2039 462 2123 quod
483 2038 645 2105 interioris
671 2038 811 2103 hominis
833 2060 907 2103 rere
931 2047 1028 2123 caput
1052 2046 1112 2117 est,
1136 2038 1179 2103 ad

224 2162 314 2206 veras
329 2142 487 2205 virtutum
501 2142 670 2225 pennulas,
682 2147 716 2205 et
730 2140 772 2204 ad
786 2140 857 2203 illas
871 2140 989 2223 quibus
1002 2142 1129 2205 volatur
1142 2143 1179 2206 in

224 2245 339 2309 oelum
354 2244 435 2308 duas
450 2244 516 2308 ales
527 2244 669 2308 caritatis
680 2243 805 2307 sincera
813 2244 948 2308 veritate
960 2252 1175 2328 retorqueam.

225 2348 296 2411 Nec
310 2348 419 2411 minus
433 2346 490 2411 illa
503 2367 556 2411 me
569 2366 683 2410 mensa
696 2346 835 2411 caelestis
848 2346 1000 2425 latificat,
1013 2368 1085 2430 quse
1099 2348 1178 2411 dum

225 2451 311 2516 labia
338 2450 476 2515 reflectit
504 2451 540 2514 in
569 2470 613 2529 re,
640 2450 723 2515 sicut
752 2458 863 2514 sancte
888 2450 1036 2529 scribitis,
1063 2451 1179 2515 divium

225 2555 390 2619 doctorem
404 2554 485 2637 legis
499 2554 615 2633 erudit,
626 2561 665 2618 ut
679 2554 715 2618 iu
729 2553 779 2618 his
795 2574 867 2637 quse
877 2555 971 2619 docet
981 2562 1016 2619 et
1026 2555 1178 2638 loquitur,

225 2658 481 2723 consideratione
497 2678 623 2741 semper
636 2657 748 2721 sedula
761 2664 906 2723 meamet
916 2658 958 2721 ad
972 2678 1017 2733 sc,
1027 2678 1069 2721 ne
1079 2656 1178 2721 verbo

227 2762 291 2825 sita
311 2760 490 2839 dissentiat,
506 2782 549 2824 ne
566 2760 663 2825 verbo
681 2782 760 2843 qnos
783 2760 920 2824 aedificat
940 2759 1105 2824 subvertet
1124 2780 1178 2823 ex-

227 2864 342 2947 emplo,
363 2864 459 2947 justa
482 2862 569 2946 quod
588 2863 624 2926 in
643 2862 739 2927 laude
759 2863 920 2927 bonorum
942 2862 1097 2946 scriptum
1119 2869 1179 2938 est,

227 2966 376 3049 ‘Sagitta
399 2966 551 3030 Jonatbae
570 2986 739 3050 uunquam
759 2965 840 3029 abiit
859 2971 1047 3043 retrorsum,
1063 2971 1097 3029 et
1111 2965 1179 3047 gla-

227 3068 299 3133 dius
321 3068 426 3132 Saulis
444 3090 613 3152 nunquam
630 3088 776 3133 reversus
791 3075 842 3133 est
855 3068 986 3132 inanis?
1032 3067 1180 3131 Verbum

227 3170 345 3255 quippe
364 3171 427 3235 Dei
447 3177 481 3235 et
499 3170 626 3255 gladius
646 3178 680 3236 et
699 3171 819 3253 sagitta
836 3178 895 3235 est.
943 3169 1088 3249 Gladius,
1104 3170 1181 3253 quia

228 3274 378 3357 percutit,
394 3282 428 3337 et
448 3294 487 3339 ec
510 3276 639 3358 sagitta,
655 3274 742 3358 quod
762 3274 890 3359 pungit.
935 3275 1002 3342 Qui
1024 3273 1180 3339 nimirum

228 3378 354 3461 gladius
379 3378 485 3442 inanis
511 3379 693 3457 revertitur,
719 3398 794 3442 cum
820 3378 964 3461 prolatus
990 3400 1095 3443 sermo
1119 3396 1180 3443 nec

227 3480 306 3544 vitia
319 3487 452 3560 resecat,
467 3502 528 3547 nec
541 3481 583 3546 ad
597 3481 724 3565 frugem
736 3481 863 3545 virtutis
874 3481 969 3563 erigit
984 3482 1179 3546 audientem.

228 3586 274 3647 At
289 3585 311 3647 J
312 3584 466 3665 onathau,
482 3586 537 3669 qui
551 3586 631 3649 done
650 3585 828 3664 columbam,
843 3584 894 3649 rel
911 3585 1022 3648 ἅαιιιηι
1037 3584 1181 3649 columbe

229 3684 356 3766 dicitur,
372 3688 491 3770 sagitta
513 3688 631 3752 reflexa
652 3709 720 3753 nou
742 3686 891 3771 percutit,
912 3687 986 3769 quia
1007 3686 1180 3770 spiritualis

230 3791 364 3873 quiaque
384 3790 506 3869 doctor,
522 3794 577 3875 qui
598 3814 618 3856 a
638 3792 768 3857 Christo
792 3791 879 3855 dona
901 3790 1015 3874 gratiae
1032 3790 1178 3875 percipit,

231 3893 346 3957 ethaeo
361 3893 474 3957 eadem
485 3894 622 3958 fideliter
630 3896 813 3959 ministrare
828 3916 895 3958 nou
905 3894 1036 3973 omittit,
1045 3894 1182 3959 reflectit

231 3996 352 4060 labium
365 3996 543 4079 prudenter
555 3998 592 4061 in
607 4020 650 4077 se,
661 3998 739 4061 dum
751 3997 912 4081 sapienter
922 4004 955 4062 et
970 4008 1081 4065 macte
1094 3998 1180 4061 vivit

234 4100 313 4163 Hoec
336 4099 416 4163 milri
440 4098 480 4164 dc
504 4102 630 4184 paginae
653 4109 767 4165 vestrae
788 4102 922 4165 collecta
947 4110 1024 4165 sunt
1048 4100 1180 4183 gremio,

232 4201 310 4265 dum
331 4222 390 4286 per
410 4224 482 4267 eam
505 4202 596 4287 quasi
615 4203 687 4268 vitae
710 4204 858 4287 quaedam
880 4224 1089 4287 pascuaque
1109 4224 1182 4285 pos·

233 4326 304 4369 sum
318 4306 438 4371 mentis
453 4306 689 4386 exercitatione,
705 4306 859 4372 discurro.
883 4306 1012 4373 Quibus
1027 4304 1182 4369 nimirum
