3225 5192
308 744 373 788 nn.
393 720 591 810 1148-61.]
637 742 1106 789 unnnronomnsisnrmronm
1201 724 1259 790 161

309 860 386 923 Post
409 858 495 922 diem
516 879 591 922 vero
614 859 780 939 Willelmi,
802 860 905 925 libera
927 861 970 925 sit
999 862 1136 926 facultas
1165 884 1260 928 cano-

308 962 381 1026 nico
410 970 531 1039 nostro,
555 962 748 1046 quicumque
777 970 858 1027 tunc
889 964 997 1043 fuerit,
1022 986 1118 1048 super
1146 967 1259 1031 eadem

308 1065 441 1129 eeclesia
462 1065 671 1149 disponendo,
687 1073 725 1129 ut
747 1088 820 1130 eam
838 1068 887 1131 vel
910 1068 978 1152 ipse
1000 1076 1120 1147 teneat,
1136 1070 1186 1134 vel
1207 1070 1261 1133 cui

308 1170 446 1232 voluerit
461 1168 607 1251 ampliori
622 1170 776 1251 pensione
791 1169 957 1234 concedat,
1002 1172 1099 1237 Quod
1117 1173 1193 1256 quia
1207 1175 1260 1238 fir·

308 1292 396 1335 mum
413 1272 702 1355 inconvulsumque
717 1272 939 1351 discernimus,
954 1294 1014 1357 ego
1032 1282 1065 1338 et
1082 1276 1260 1359 capitulum

307 1380 455 1438 nostrum
481 1375 631 1457 praesenti
658 1374 775 1459 scripto
800 1384 845 1453 et,
867 1376 1045 1459 sigillorum
1074 1385 1259 1443 nostrornm

308 1478 509 1561 appositione
524 1479 708 1542 firmamus:
730 1478 881 1542 {testibus
904 1526 912 1543 .
937 1527 945 1544 .
971 1528 978 1544 .
1003 1528 1012 1544 .

619 1583 752 1665 (Cetera
768 1582 902 1666 obeam.)

333 1813 555 1879 EPISTOLA
577 1815 927 1880 CXXHL—sonssrr
944 1836 1135 1880 crascone.
1153 1838 1237 1881 nris.

682 1940 728 1982 an
745 1939 891 1982 noscam.

307 2050 439 2115 Dilectie
461 2053 495 2115 in
519 2053 641 2116 Christo
658 2048 820 2133 fratribus
840 2048 1127 2118 nemesianus
1149 2054 1261 2118 metris

350 2156 483 2218 ecclesiia
497 2154 588 2235 filiis,
604 2156 645 2219 It.
661 2157 912 2238 Herefordieasie
932 2157 994 2220 Dei
1013 2159 1123 2239 pretia
1144 2158 1259 2240 epieco-

346 2278 416 2338 pus,
432 2258 598 2321 Dominum
613 2265 776 2341 espectcre
790 2260 931 2337 sollicite,
947 2266 978 2323 et
996 2262 1165 2324 coetestem
1182 2281 1258 2342 pra-

350 2362 489 2425 taterster
503 2363 655 2443 amplecti.

351 2498 446 2563 QUIA
473 2497 640 2563 ecclesiam
669 2499 732 2563 Dei
754 2498 931 2582 regendam
956 2507 990 2563 et
1013 2500 1050 2563 in
1076 2500 1184 2585 aliqua
1209 2502 1261 2567 sui
1369 2554 1377 2579 ,

308 2603 456 2686 portione
478 2602 777 2681 administrandam,
793 2604 935 2667 Domino
954 2605 1173 2686 permittente,
1190 2628 1259 2670 sns-

308 2708 461 2790 cepimus,
473 2706 543 2790 ejns
558 2704 780 2771 commoditati
792 2705 898 2789 quoad
912 2727 1083 2789 possumus
1094 2706 1260 2772 consulere

308 2818 341 2875 et
370 2809 535 2895 providere
564 2808 687 2873 credita
711 2808 804 2873 nobis
831 2808 1070 2893 dispensatione
1096 2808 1260 2875 debemus.

308 2913 405 2981 Quod
428 2913 476 2977 ita
498 2919 585 2977 reete
612 2912 681 2977 fieri
707 2911 911 2991 arbitramur,
935 2912 963 2976 si
993 2912 1158 2976 confracta
1186 2912 1260 2976 soli-

310 3016 416 3081 dando
439 3023 472 3080 ct
495 3038 566 3100 quse
588 3016 741 3099 dissipata
763 3022 841 3079 sunt
862 3015 898 3078 in
919 3036 1034 3099 corpus
1055 3037 1159 3079 unum
1177 3015 1259 3080 redi·

310 3119 424 3203 gendo,
440 3128 507 3184 tam
526 3118 743 3183 incolumitati
757 3118 827 3201 ejus
843 3140 940 3202 quam
955 3118 1138 3202 ampliando
1153 3117 1261 3183 divino

309 3223 413 3287 cultui
427 3221 646 3286 studuerimus
661 3220 829 3285 deservire.
864 3220 1028 3287 Quoniam
1042 3220 1143 3305 igitur
1157 3222 1260 3285 omni·

309 3325 370 3389 bus
388 3325 439 3409 pie
456 3323 662 3389 credentibus
682 3323 890 3387 manifestum
910 3323 1058 3402 habetur,
1074 3344 1135 3387 nec
1154 3324 1262 3387 forum

309 3428 458 3511 religioni
479 3426 659 3506 convenire,
682 3446 742 3491 nec
765 3428 943 3505 castellum,
965 3426 1021 3510 qui
1041 3426 1205 3493 tumultus
1226 3436 1261 3490 et

310 3530 507 3612 sanguinum
523 3529 612 3592 locus
633 3536 691 3606 est,
709 3528 917 3592 servientium
936 3527 1079 3591 Domino
1096 3526 1167 3611 paci
1185 3548 1262 3591 con·
1282 3577 1286 3586 .
1313 3563 1342 3594 ·.

199 3694 201 3697 .
311 3655 434 3716 gruere,
467 3632 631 3698 ecclesiam
662 3632 751 3697 besti
780 3632 868 3696 Petri
897 3631 933 3694 in
962 3630 1032 3695 foro
1064 3631 1262 3696 Hercfordiae

309 3736 414 3815 sitam,
436 3742 469 3801 et
493 3736 660 3801 ecclesiam
683 3735 785 3799 sancti
813 3733 968 3798 Guthlaci
990 3735 1079 3797 intra
1102 3732 1261 3797 ambitum

310 3840 432 3905 castelli
451 3840 539 3903 illius
553 3839 737 3922 importune
752 3836 900 3920 positam,
916 3844 949 3901 et
964 3856 1077 3900 omnes
1091 3836 1261 3918 possessio·

309 3962 367 4006 nes
382 3950 415 4005 et
429 3940 595 4025 parochias
614 3946 647 4003 et
664 3939 839 4023 dignitates
858 3960 980 4017 earum,
996 3938 1030 4002 in
1050 3938 1147 4002 unius
1162 3939 1261 4003 eccle-

310 4045 365 4108 siae
379 4064 493 4127 corpus
508 4043 701 4127 redegimus,
717 4052 750 4106 et
771 4064 844 4105 eam
860 4041 1027 4106 ecclesiam
1045 4042 1261 4125 apostolorum
1379 4047 1385 4060 '

311 4145 399 4211 Petri
414 4155 447 4211 et
463 4146 566 4225 Pauli,
582 4154 615 4209 et
635 4144 739 4209 sancti
754 4144 917 4224 Guthlaci,
934 4166 1031 4227 quam
1046 4150 1137 4208 extra
1151 4143 1260 4207 civita·

310 4255 377 4314 tem
396 4249 499 4333 ipsam
518 4250 554 4313 in
575 4248 645 4313 loco
665 4246 813 4331 religioni
831 4247 996 4332 aptissimo
1016 4246 1167 4311 aedificari
1183 4246 1260 4310 feci·

311 4374 393 4433 mus,
405 4352 448 4417 ad
462 4352 666 4418 serviendum
678 4351 820 4417 Domino
834 4352 871 4415 in
885 4356 1077 4435 perpetuum
1091 4348 1263 4431 episcopali

392 4475 396 4483 ·
769 4474 794 4515 n
