3225 5192
248 697 313 740 nu.
333 678 530 762 nol-sa]
577 700 1019 744 nounomnuamamsroam.
1132 681 1197 741 333

245 814 281 876 in
296 815 465 879 missarum
480 815 693 881 celebratione
709 825 822 881 sancta
839 817 933 881 nobis
952 837 1080 880 summa
1097 815 1197 879 salva-

246 917 292 980 tio
318 925 377 996 est,
403 919 502 982 totius
527 919 641 1003 synodi
665 927 783 984 nostrae
806 940 966 983 consensu
991 926 1025 982 et
1048 918 1142 980 firma
1164 924 1198 980 et

247 1029 335 1084 certa
349 1021 558 1105 promissione
574 1022 757 1100 statuimus,
773 1027 811 1085 ut
827 1043 884 1105 pro
899 1020 1049 1085 omnibns
1065 1020 1120 1102 qui
1135 1020 1199 1082 lia·

247 1124 435 1188 ternitatem
459 1123 542 1188 hano
564 1124 762 1206 susceperint
785 1131 819 1188 et
841 1124 1046 1200 servaverint,
1069 1122 1110 1186 ab
1133 1142 1200 1184 uno

248 1247 376 1310 quoqne
396 1225 559 1290 sacerdote
579 1228 679 1292 totius
699 1227 900 1310 episcopatus
917 1226 1005 1290 beati
1022 1225 1126 1302 Pauli,
1141 1222 1198 1287 tri·

250 1330 342 1411 ginta
363 1328 468 1392 missae
489 1337 671 1407 cantentur,
692 1350 749 1412 pro
771 1328 822 1392 his
845 1330 901 1412 qui
922 1329 1027 1391 adhuc
1048 1327 1084 1390 in
1104 1347 1201 1390 carne

157 1495 162 1500 .
251 1438 337 1509 aunt,
354 1431 547 1515 quindecim,
568 1441 601 1496 et
624 1453 680 1514 pro
703 1433 753 1494 his
775 1432 959 1514 quindecim
982 1431 1037 1514 qni
1059 1431 1201 1494 decesse-

250 1543 338 1598 rsmt.
384 1535 426 1598 In
451 1535 522 1618 ipsa
544 1535 642 1598 etiam
667 1535 800 1599 ecclesia
826 1535 913 1600 beati
940 1535 1043 1611 Pauli,
1066 1531 1202 1614 singulis

252 1638 438 1722 septimanis
458 1639 571 1702 missas
592 1637 681 1718 duas,
698 1661 796 1702 unam
816 1660 873 1721 pro
888 1639 974 1717 vivis,
990 1639 1124 1702 alteram
1144 1657 1202 1720 pro

251 1741 405 1806 fratribus
421 1742 490 1824 jam
512 1741 672 1806 defunctis
688 1742 852 1820 celebrari,
867 1743 969 1806 totius
983 1740 1115 1823 capituli
1130 1760 1203 1803 nos-

252 1843 296 1906 tri
311 1864 470 1907 consensu
485 1844 667 1907 statuimus.
698 1843 899 1928 Adjicientes
913 1844 1023 1922 etiam,
1038 1852 1077 1906 ut
1091 1843 1119 1906 si
1133 1841 1205 1927 quis

253 1945 391 2009 fratrum
405 1946 546 2011 eoclesiae
561 1947 648 2010 beati
664 1946 768 2023 Pauli,
783 1955 822 2010 ut
842 1946 1046 2029 exigentibus
1065 1944 1205 2029 peccatis

254 2069 337 2133 saepe
359 2048 529 2132 contingit,
546 2057 650 2112 morte
665 2056 846 2134 praeventus
860 2050 896 2113 in
911 2070 986 2113 enm
1001 2069 1111 2112 casum
1125 2047 1207 2112 inci·

255 2153 349 2232 derit,
364 2175 422 2236 pro
437 2176 500 2237 quo
515 2153 675 2219 defunctis
695 2155 730 2218 in
749 2154 829 2220 locis
849 2153 946 2218 sacris
964 2154 1131 2238 sepultura
1149 2173 1206 2216 ne-

256 2257 325 2340 gari
351 2257 442 2334 solet,
469 2256 679 2320 nihilominus
709 2265 830 2335 tamen,
859 2263 1017 2340 tanquam
1044 2255 1145 2319 stater
1174 2261 1208 2318 et

256 2359 384 2444 adjutor
400 2359 540 2423 ecclesiae
555 2359 642 2422 beati
658 2356 751 2422 Pauli
766 2359 969 2443 suscipiatur,
983 2358 1019 2421 in
1033 2357 1103 2422 looo
1117 2377 1208 2421 sacro

256 2462 438 2546 sepeliatur.
484 2461 537 2525 Ne
553 2482 626 2525 vero
640 2462 866 2526 liberalitatem
881 2471 1021 2524 vestram
1037 2468 1071 2525 et
1085 2460 1208 2542 gratui-

255 2573 324 2628 tam
339 2563 423 2626 hano
439 2560 646 2627 donationem
661 2563 750 2628 vobis
770 2563 805 2626 in
825 2564 1049 2627 necessitatem
1065 2561 1208 2646 qnando-

258 2687 319 2750 que
340 2663 548 2748 redigendam
564 2664 742 2748 suspicetis,
758 2686 870 2730 omnes
885 2688 905 2729 a
919 2665 1090 2749 quiequam
1111 2665 1211 2729 dandi

257 2767 448 2832 necessitate
469 2773 502 2830 et
522 2767 756 2831 consuetudine
774 2768 925 2852 praesenti
941 2767 1061 2851 scripto
1075 2767 1209 2832 absolvi·

258 2891 340 2949 mus,
356 2867 491 2951 nequid
512 2869 698 2954 hujusmodi
718 2893 738 2934 a
758 2870 846 2935 vobis
867 2870 958 2954 quasi
978 2869 1122 2934 debitum
1144 2869 1210 2933 exi·

260 2981 354 3056 gatur
364 2999 374 3051 3
405 2972 462 3036 sed
488 2973 630 3056 gratuito
656 2974 837 3057 praestitum
859 2996 879 3037 a
901 2973 1043 3038 Domino
1063 2971 1153 3037 vobis
1175 2972 1210 3034 in

258 3076 314 3140 illa
327 3076 379 3140 die
394 3077 429 3140 in
444 3077 633 3160 centuplum
647 3077 855 3142 retribuatur.
895 3075 1013 3142 Arnen.

378 3378 599 3443 EPISTOLA
622 3378 928 3444 ccxxxlx.-m
943 3399 1088 3443 ananan.

263 3529 301 3593 G.
317 3530 378 3592 Dei
391 3531 500 3612 qratia
521 3526 746 3594 Londouiemis
767 3532 935 3612 episcopua,
956 3531 1077 3593 dilectis
1098 3529 1158 3592 stoi
1179 3529 1214 3592 in

303 3633 436 3695 Domino
450 3633 601 3696 universis
615 3635 748 3697 ecclesio
764 3635 847 3699 beati
861 3634 957 3697 Pauli
964 3633 1170 3715 parochianis
1183 3637 1214 3695 et

297 3735 388 3816 filio,
404 3737 544 3814 salutem,
557 3738 706 3819 pretium,
722 3743 753 3800 et
767 3737 1012 3801 beraedictioncm.

306 3887 450 3951 Carum
470 3885 512 3950 ad
531 3907 595 3966 vos,
612 3887 776 3966 carissimi,
792 3895 906 3952 sancta
925 3887 1036 3952 civitas
1050 3887 1106 3950 illa
1121 3886 1215 3949 Jeru-

261 3991 371 4069 salem,
387 3989 422 4052 in
437 4009 501 4072 qua
515 4010 569 4054 vos
589 4011 609 4053 a
628 3997 733 4054 morte
753 3998 909 4075 perpetua
928 3991 1090 4056 Dominus
1104 3995 1215 4055 noster

263 4096 359 4160 Jesus
379 4093 527 4157 Christus
548 4115 606 4157 sua
627 4101 730 4158 morte
750 4093 906 4159 liberavit.
952 4094 1079 4158 Clamat
1099 4090 1216 4155 advos

263 4199 446 4284 sepulcrum
475 4197 619 4277 Domini,
648 4196 738 4263 loeus
768 4197 822 4262 ille
852 4197 1081 4274 sanctissimus,
1107 4215 1127 4258 a
1152 4213 1216 4280 qno

264 4301 424 4366 Dominus
440 4299 461 4362 J
462 4319 536 4362 esus
557 4297 608 4362 die
631 4299 736 4378 tertia,
752 4306 856 4363 morte
871 4305 1020 4382 superata
1033 4309 1215 4377 resurgens,
