3225 5192
409 649 475 714 316
719 667 882 712 crassari
901 667 1052 711 srrscors

453 1000 674 1066 EPIS'POLA
697 998 976 1064 CCXXIIL-sn
992 1019 1025 1062 a.
1043 1019 1324 1067 crnconnxensssr

736 1122 1037 1167 sncnxouconurr.

414 1257 452 1320 G.
468 1256 529 1320 Dei
546 1255 654 1336 pratia
675 1253 899 1318 Londonim
920 1254 1078 1338 episcopus
1096 1257 1136 1318 R.
1157 1255 1365 1319 Lincolrsieass'

693 1357 924 1433 archidiacono,
940 1357 1081 1420 sumen.

456 1508 553 1574 Drsrs
574 1507 635 1571 tibi
655 1507 696 1571 ed
716 1527 847 1570 causam
865 1525 937 1588 quae
954 1506 1042 1570 inter
1061 1515 1095 1571 te
1114 1513 1148 1570 et
1163 1507 1204 1570 n.
1220 1506 1365 1570 sacerdo-

411 1619 478 1676 tem
497 1611 644 1686 vertitur,
665 1607 839 1692 apostolica
857 1609 1051 1672 auctoritate
1070 1608 1309 1687 constituimus,
1324 1608 1367 1672 ad

412 1735 507 1798 quem
521 1712 564 1777 ob
578 1711 780 1796 purgandam
796 1710 927 1775 domino
941 1732 1033 1795 papae
1046 1718 1230 1794 sanaeque
1246 1712 1365 1775 Roma-

411 1837 464 1880 noe
479 1814 618 1880 ecclesiae
638 1821 710 1879 ate
731 1820 767 1877 ut
787 1812 907 1877 dicitur
920 1813 1044 1877 illatam
1058 1812 1222 1897 injuriam,
1236 1833 1300 1876 nec
1313 1833 1365 1876 ve

411 1918 499 1996 nisti,
530 1938 590 1982 nec
619 1915 835 2000 responsalem
863 1915 994 1980 mittere
1025 1916 1214 1998 procurasti.
1269 1915 1365 1980 Diem

411 2021 512 2104 igitur
533 2021 669 2084 alterum
692 2026 725 2083 et
747 2019 836 2082 hunc
857 2019 1108 2102 peremptorium
1127 2018 1365 2097 constituimus,

412 2121 603 2186 mandantes
623 2129 657 2185 et
677 2121 852 2204 apostolica
866 2120 1057 2184 anctoritate
1070 2120 1131 2184 tibi
1145 2120 1367 2205 injungentes,

411 2231 450 2288 ut
468 2223 531 2288 nisi
547 2223 616 2307 jam
638 2221 762 2286 dictum
777 2223 818 2286 R.
834 2222 1033 2287 sacerdotem
1047 2245 1068 2286 a
1082 2223 1247 2288 sententia
1265 2223 1366 2288 inter·

413 2325 491 2390 dicti
503 2345 633 2408 prorsus
649 2323 835 2389 absolutum
850 2324 1035 2409 susceperis,
1050 2326 1129 2389 etei
1144 2324 1367 2390 obvolutiones

413 2428 555 2493 ecclesiae
575 2449 642 2493 suae
663 2426 741 2492 dum
762 2427 1009 2512 appellationem
1025 2449 1117 2491 snam
1137 2428 1179 2490 ad
1197 2428 1366 2492 dominum

411 2551 528 2616 papam
543 2530 733 2606 subtractas,
748 2537 1005 2614 prosequeretur,
1020 2529 1115 2612 plene
1129 2529 1222 2594 reddi
1242 2529 1365 2609 feceris,

412 2641 504 2698 tuam
518 2633 611 2698 nobis
627 2633 831 2717 presentiam
844 2632 878 2695 xi
891 2632 1047 2696 kalendas
1063 2632 1264 2716 Septembris
1279 2634 1364 2717 apud

412 2734 672 2800 windeleshores
694 2733 854 2812 exhibeas,
876 2741 916 2799 nt
938 2733 1093 2798 mandato
1115 2734 1239 2798 domini
1263 2756 1364 2818 papae,

412 2845 685 2923 supermemorato
715 2859 812 2903 causa
838 2845 935 2922 prout
968 2840 1023 2923 jus
1059 2837 1195 2903 dictabit
1224 2839 1365 2906 obedias.

414 2940 500 3007 Quia
513 2961 587 3006 vero
602 2939 772 3025 excipienti
792 2941 953 3005 incumbit
972 2940 1007 3004 id
1027 2941 1162 3025 probare
1176 2940 1264 3025 qnod
1281 2943 1365 3007 exci-

412 3043 470 3127 pit,
495 3045 522 3108 si
547 3045 845 3127 pronunciationem
871 3043 960 3108 illam
984 3065 1082 3128 quam
1106 3051 1220 3109 contra
1243 3051 1366 3110 statuta

413 3167 574 3211 canonum
600 3147 769 3213 adversum
794 3149 905 3212 mein
927 3148 1051 3214 domini
1075 3169 1166 3232 pupas
1189 3155 1223 3213 et
1246 3157 1367 3213 sancte

414 3252 569 3315 Romanae
595 3253 735 3317 ecclesiae
764 3253 917 3337 injuriam
946 3253 1097 3340 dominus
1123 3251 1366 3316 Cantnuriensis

413 3355 565 3433 instituit,
580 3377 634 3420 mc
650 3363 762 3421 tenere
781 3363 815 3421 et
834 3357 935 3439 ligare
955 3363 988 3420 et
1008 3356 1050 3421 ab
1070 3356 1237 3439 apostolici
1250 3377 1364 3420 execu-

413 3457 503 3521 tione
524 3458 667 3522 msndati
690 3459 843 3542 repellere
862 3466 896 3522 et
918 3458 1094 3542 praepedire
1115 3457 1267 3536 intendis,
1287 3479 1365 3522 cnm

413 3559 632 3640 exceptionem
651 3559 735 3624 hanc
754 3561 790 3622 in
807 3562 882 3644 jure
901 3560 1093 3643 probaveris,
1114 3569 1262 3626 nostrum
1283 3569 1365 3627 tunc

412 3667 498 3724 recte
509 3660 667 3743 judicium
683 3661 868 3727 declinabis.
899 3664 991 3728 Vale.
