3225 5192
277 691 341 736 ω.
360 669 557 754 usa-48]
605 689 818 735 enocssrsrn
833 691 1008 737 emmona.
1183 675 1224 736 61

275 931 495 996 EPISTOLA
511 931 726 995 xmu-rn
738 951 971 997 rusosnnnuu
988 952 1226 997 curreremu-

550 1053 617 1096 sru
639 1053 949 1099 aecnrnrrscoruu.

277 1185 370 1248 Patri
392 1203 447 1246 arro
471 1188 501 1246 et
525 1183 646 1247 domim
667 1184 886 1248 Gammae
908 1187 975 1250 Dei
994 1190 1105 1270 mutia
1123 1189 1227 1252 urchi·

319 1289 469 1370 episeopo,
492 1293 523 1350 0²
551 1288 646 1349 2⁰¹&ss
674 1288 797 1369 Anyb'oe
828 1291 964 1370 primati
996 1292 1030 1354 T.
1048 1289 1159 1373 freter
1189 1294 1226 1356 G.

322 1391 501 1454 Glocestriae
515 1390 617 1454 dictus
631 1390 737 1454 abbas.
1051 1435 1054 1442 -

323 1540 560 1605 Snsmumuus
582 1539 713 1605 domine
736 1562 848 1625 pacem
868 1549 902 1607 et
920 1564 988 1607 non
1003 1545 1101 1622 venit,
1118 1544 1231 1630 quaesi·

280 1646 381 1709 vimus
410 1643 506 1723 bona,
536 1651 569 1708 et
600 1665 673 1708 ecce
702 1644 857 1710 turbatio.
910 1647 1024 1712 Frater
1052 1648 1230 1728 lohannes,

281 1747 434 1813 Gemellae
450 1746 636 1826 monachus,
651 1747 797 1812 mandati
811 1750 909 1813 vestri
932 1749 1056 1815 litteras
1073 1751 1115 1814 ad
1132 1752 1231 1816 comi·

280 1861 347 1915 tem
368 1849 554 1914 Gloeestrioe
572 1848 746 1928 deferebat,
763 1837 846 1914 sieut
864 1849 926 1934 ipsi
945 1851 1058 1930 nostis,
1073 1873 1141 1916 non
1156 1873 1232 1916 con-

280 1952 421 2016 tinentes
442 1951 503 2015 nisi
527 1951 613 2034 quod
637 1949 677 2014 ad
701 1970 814 2034 pacem
837 1959 871 2015 et
889 1951 1067 2030 utilitatem
1086 1953 1233 2038 ejusdem

280 2054 461 2140 pertinebat
475 2054 625 2119 eeclesiae.
671 2053 783 2119 Quum
803 2055 915 2138 itaque
928 2055 1109 2140 Cern[elia]
1126 2078 1232 2140 egres·

282 2181 346 2237 sus,
369 2158 494 2222 litteras
522 2158 608 2241 ipsas
637 2156 784 2222 deferens
809 2157 976 2252 festinaret
1002 2159 1044 2223 ad
1069 2143 1233 2240 comitere,

282 2261 413 2346 quidam
449 2260 588 2325 filiorum
627 2259 782 2323 Willelmi
820 2261 909 2324 Secti
944 2261 1032 2325 illius
1069 2263 1234 2346 quondam

282 2364 408 2429 abbatis
423 2361 627 2450 Cern[eliae],
643 2383 718 2426 cum
736 2357 928 2446 quibusdam
945 2363 1016 2428 aliis
1032 2367 1153 2449 paratis
1173 2368 1236 2451 ipsi

283 2489 453 2534 occurrens
475 2466 609 2545 insidiis,
626 2465 787 2550 dejectum
807 2487 891 2550 equo
911 2467 1105 2550 gravissimis
1124 2470 1236 2534 afflixit

283 2569 478 2649 verberibus,
493 2570 626 2654 ipsoque
644 2569 794 2634 semivivo
808 2570 929 2649 relicto,
946 2591 980 2634 se
995 2571 1035 2635 ad
1051 2571 1237 2655 speluncam

283 2675 447 2739 latronum
466 2671 683 2756 Cern[eliam]
703 2673 887 2755 receptavit.
932 2672 1004 2738 Nec
1024 2673 1156 2756 quidem
1174 2674 1237 2738 illis

283 2777 319 2841 in
334 2775 481 2861 partibus
499 2775 651 2861 cuiquam
666 2774 816 2839 dubitare
830 2775 1039 2858 permittitur,
1055 2776 1135 2858 quin
1148 2785 1240 2860 pater

286 2882 403 2945 Seotns
414 2879 480 2942 fflio
493 2879 599 2957 Scuto,
612 2878 709 2963 hujus
721 2879 826 2962 operis
836 2878 1096 2959 incitamentum,
1106 2881 1239 2959 occasio,

284 2993 318 3048 et
341 2982 492 3047 materies
511 2981 665 3046 extiterit.
712 2981 810 3046 Unde
827 2988 861 3045 et
878 2981 948 3046 baec
962 2981 1238 3062 manifestarunt,

282 3087 416 3171 jamjam
431 3085 472 3150 ad
486 3085 646 3170 judicium
662 3084 886 3168 precedentis.
932 3085 1092 3150 Praeterea
1102 3087 1238 3172 jamjam
1303 3139 1311 3154 ,

287 3189 392 3253 dictus
404 3188 595 3280 Willelmus,
605 3197 711 3252 vestro
725 3187 822 3271 plane
835 3187 963 3252 rebellis
977 3189 1122 3273 imperio,
1137 3190 1238 3255 eccle-

288 3291 448 3356 siasticam
462 3286 520 3374 per
533 3291 642 3354 omnia
655 3311 811 3373 respuens
825 3291 1035 3375 disciplinam,
1045 3293 1234 3379 Cern[elioe]

288 3393 485 3466 monasterio
514 3392 619 3456 adhuc
648 3391 793 3472 incubat,
823 3400 857 3458 et
885 3395 921 3458 in
949 3395 1020 3478 ipso
1048 3395 1110 3459 sibi
1138 3388 1242 3464 totius

288 3495 524 3582 plenitudinem
538 3496 706 3579 potestatis
720 3504 865 3580 usurpat.
890 3497 1065 3581 Quumque
1079 3507 1149 3564 toto
1163 3499 1241 3566 orbe

289 3599 481 3664 Britannico
520 3597 649 3683 lateque
685 3581 871 3682 patentibus
906 3600 1021 3664 insulis
1057 3603 1242 3683 occidentis,

290 3700 424 3767 ecclesia
445 3700 507 3765 Dei
522 3709 627 3764 vestro
649 3721 683 3765 se
705 3721 818 3786 parere
839 3702 995 3792 glorietur
1016 3703 1160 3787 imperio,
1175 3727 1243 3770 una

290 3813 420 3871 tantum
440 3811 489 3868 est
508 3803 699 3888 Ceru[eliae]
720 3805 950 3890 ecclesiaque
973 3814 1087 3871 eontm
1100 3829 1156 3872 vos
1179 3809 1243 3873 cal-

162 3909 177 3936 '
290 3927 426 3971 caucum
448 3905 555 3968 levans
577 3907 803 3990 presumptive
825 3908 992 3988 exclamat,
1016 3909 1130 3976 “Quae
1150 3912 1244 3977 nobis

290 4031 362 4094 pars
381 4029 457 4074 cum
477 4007 591 4086 David,
606 4008 656 4072 vel
678 4030 750 4092 quae
768 4008 930 4075 hereditas
951 4011 987 4076 in
1009 4014 1076 4078 filio
1090 4015 1244 4080 Jessae?”

292 4113 364 4176 Filii
379 4109 476 4175 alieni
491 4111 525 4174 hi
541 4117 627 4188 sunt,
641 4111 813 4176 inveterati
827 4114 974 4197 pessime,
985 4137 1112 4200 semper
1125 4117 1245 4181 claudi·

293 4222 404 4279 cantes
430 4235 450 4278 a
475 4213 598 4278 semitis
624 4212 728 4278 bonis.
776 4215 823 4279 Hi
847 4217 906 4280 filii
934 4219 1037 4283 Belial
1063 4240 1158 4303 quem
1184 4220 1247 4284 sibi

293 4319 407 4383 volunt
427 4317 579 4382 abbatem
599 4318 814 4398 constituunt,
830 4321 1056 4401 constitutum,
1072 4343 1173 4404 quum
1193 4341 1246 4386 vo-
