3225 5192
421 668 487 734 etc
733 684 895 728 cinnum
911 682 1061 728 rrrsccrr

422 797 1255 882 ommiumutinmuiunnostrnjrrgesherimoe
1270 821 1378 883 perse-

422 912 534 972 verent
545 905 648 970 donec
658 910 825 970 convertet
836 903 988 970 dominus
996 903 1217 988 captivitatem
1229 905 1329 990 Syon,
1340 913 1377 970 et

422 1009 606 1074 consoletur
615 1013 779 1074 merentes
788 1006 825 1070 in
835 1008 856 1071 J
856 1007 1025 1086 cumulem,
1037 1014 1071 1072 ct
1085 1007 1267 1073 &mentius
1279 1010 1376 1074 redu·

421 1109 1030 1176 cstoculosindesolstosderusniem
1074 1105 1213 1176 Interim
1230 1117 1270 1174 nt
1288 1110 1374 1194 quod

423 1219 536 1280 sctum
550 1219 600 1280 est
617 1219 768 1278 currente
787 1211 863 1276 stilo
881 1231 1123 1296 prosequamur,
1137 1210 1374 1277 sublimationis

421 1323 536 1382 vestre
555 1315 629 1400 quis
644 1314 770 1380 finctus
789 1314 942 1393 extiterit,
958 1313 1137 1389 cudimus.
1181 1315 1282 1398 Apio
1297 1337 1373 1399 rege

422 1415 1371 1500 nostrosrrsceptoregnigubernnculoodillumusquedicm

421 1521 555 1588 ecclesie
576 1519 707 1605 quidem
732 1525 845 1584 sanctu
865 1519 934 1582 ulte
954 1540 1033 1603 puoe
1055 1519 1218 1599 flonreret,
1240 1529 1371 1605 excepto

421 1625 517 1711 quod,
534 1631 571 1690 ut
586 1623 723 1688 diximus
738 1623 780 1688 ud
793 1622 1044 1688 instaurandum
1061 1622 1098 1685 in
1117 1622 1266 1687 Tolosam
1283 1643 1370 1688 exer·

421 1728 523 1794 citum
536 1748 652 1792 manus
666 1733 787 1794 vestrm
798 1727 868 1810 jum
881 1725 981 1790 nimis
998 1726 1035 1788 in
1053 1747 1089 1790 se
1108 1747 1220 1809 graves
1236 1747 1371 1809 agnove-

421 1837 482 1911 rat,
498 1831 539 1896 de
553 1836 679 1909 coetero,
695 1828 755 1894 sub
775 1827 862 1894 bono
880 1827 1026 1912 principe
1044 1835 1164 1893 carnote
1177 1828 1370 1911 gaudebunt,

417 1932 649 2018 jocundissime
670 1929 866 1996 laetnbentur
888 1928 1048 1994 universe
1093 1929 1246 2012 Regnum
1271 1951 1370 1994 sucer-

421 2035 511 2100 dotio
525 2035 677 2099 devotum
691 2017 801 2098 sencte
815 2031 989 2117 prustnbut
1003 2030 1202 2115 obsequium,
1217 2038 1253 2097 et
1270 2053 1369 2097 secer-

422 2137 510 2202 dotio
534 2135 716 2200 firmissime
740 2133 935 2200 uincuntur
958 2133 1000 2198 ud
1021 2133 1145 2199 bonurn
1168 2155 1265 2198 omne
1288 2135 1370 2218 regis

352 2321 355 2329 Ι
421 2238 601 2322 imperium.
646 2236 889 2302 Exercebmtur
907 2237 944 2301 in
963 2236 1097 2301 ecclesia
1114 2237 1215 2320 gladii
1227 2237 1303 2316 dno,
1318 2237 1369 2301 de·

421 2347 495 2406 voto
521 2337 652 2404 domino
676 2340 755 2403 Jesu
779 2339 974 2404 tumulantes
1003 2337 1166 2422 obsequio.
1210 2339 1284 2404 Nec
1311 2337 1370 2403 sibi

421 2441 552 2508 stabunt
575 2463 615 2506 ex
638 2441 778 2520 adverso,
801 2461 863 2506 nec
884 2440 1056 2505 tendentes
1080 2440 1119 2504 in
1140 2441 1303 2506 contrariu
1324 2461 1370 2507 re·

420 2543 611 2629 pugnabunt
647 2545 813 2609 alterutro.
858 2543 954 2607 Unus
982 2550 1052 2608 erut
1087 2543 1236 2627 populus,
1264 2551 1300 2608 et
1334 2549 1371 2606 ut

421 2646 578 2731 scriptum
598 2651 658 2725 est,
680 2645 777 2710 unius
798 2644 886 2725 labii,
906 2643 1040 2710 studens
1062 2652 1196 2728 peccatu
1214 2644 1369 2729 persequi,

421 2749 566 2832 gaudens
586 2747 665 2813 vitis
684 2747 812 2814 fortiter
829 2746 993 2812 emdmri.
1040 2747 1122 2812 Haec
1139 2748 1235 2831 regni
1254 2747 1318 2812 fuit
1337 2753 1369 2812 et

421 2851 564 2918 ecclesie
573 2872 645 2936 prix,
657 2851 783 2916 ulternn
793 2849 838 2916 sic
848 2849 954 2933 gretie
962 2848 1164 2928 fovebuntur,
1176 2856 1210 2914 et
1224 2849 1369 2914 unanimi

373 3032 377 3040 Ι
419 2955 587 3020 voluntate
605 2952 839 3036 jungebantur.
883 2952 927 3016 In
947 2959 1054 3018 vestre
1072 2971 1149 3016 vero
1169 2953 1370 3036 promotione

421 3057 598 3141 grunnium
620 3053 827 3139 sperebnmus
852 3061 886 3118 et
911 3053 1160 3138 expectabamus
1184 3062 1368 3138 augmenti,

420 3163 454 3222 et
473 3177 547 3223 ecee
565 3156 704 3240 pemeus
723 3155 927 3239 exigentibus
945 3155 1033 3221 illico
1051 3154 1185 3221 turbate
1201 3165 1279 3222 sunt
1298 3158 1369 3222 uni·

420 3279 520 3324 verse.
564 3258 679 3324 Virtus
708 3265 758 3324 est
786 3265 917 3342 peccato
941 3279 1018 3324 cum
1042 3259 1170 3342 exurgit
1195 3279 1369 3340 occurrere,

420 3361 604 3444 mentisque
627 3361 773 3428 sinisbos
794 3361 890 3427 fretus
913 3359 954 3424 cd
979 3360 1112 3426 Petrum
1131 3383 1204 3445 quae
1223 3362 1368 3428 Christus

420 3471 480 3542 cst,
495 3463 605 3529 stetim
627 3485 703 3528 cum
724 3470 903 3530 nuscuntur
923 3462 1065 3528 nilidere.
1109 3463 1287 3548 Oportebat
1307 3465 1368 3528 itu-

421 3587 482 3650 que
500 3573 640 3632 vestram
660 3566 834 3650 providisse
855 3565 1073 3649 prudentium,
1093 3588 1137 3632 ne
1158 3567 1369 3634 dissentiones

419 3668 505 3733 inter
519 3689 657 3752 regnum
672 3675 705 3733 et
719 3689 775 3734 vos
789 3669 959 3752 paululum
968 3677 1178 3754 exsurgentes
1187 3671 1225 3734 in
1233 3670 1368 3734 immen-

419 3792 492 3836 sum
507 3778 736 3850 excrescerent,
752 3792 794 3836 ue
811 3772 853 3838 ds
870 3772 1011 3838 scintille
1028 3774 1121 3838 tenui
1138 3773 1176 3836 in
1193 3773 1369 3837 multorum

418 3872 594 3958 pernicicm
603 3880 716 3940 tentus
729 3874 816 3958 ignis
830 3881 1009 3959 exurgeret.
1032 3877 1154 3941 Actum
1163 3895 1257 3942 secus
1267 3882 1327 3954 est,
1336 3880 1369 3939 et

419 3975 582 4042 obuium
591 3998 670 4061 quus
679 3998 869 4044 enumerare
878 3978 1016 4062 longum
1024 3983 1083 4057 est,
1092 3977 1307 4043 dissentiones
1315 3977 1370 4042 ud·

419 4085 523 4145 auom
537 4085 624 4160 sunt,
638 4079 840 4146 inflammato
853 4088 903 4146 est
916 4081 975 4161 ire,
990 4089 1025 4147 et
1039 4081 1150 4146 odium
1168 4081 1298 4146 fortiter
1314 4080 1370 4145 ob-

417 4183 592 4249 firmatum.
630 4181 711 4249 Hoec
726 4205 824 4250 ceum
836 4185 910 4265 fnit,
924 4185 1002 4250 hinc
1017 4185 1148 4250 emersit
1161 4183 1298 4265 occesio,
1313 4204 1372 4248 cur

418 4287 460 4351 ed
474 4287 682 4372 requirendus
693 4287 869 4370 dignitates
878 4289 994 4372 regius,
1004 4296 1037 4353 et
1050 4288 1087 4352 in
1101 4309 1275 4354 commune
1285 4309 1370 4352 com·
