3225 5192
397 688 465 751 222
712 704 873 749 olnnml
890 706 1043 749 snseorl

397 823 485 886 mine
506 827 664 904 aptarent,
681 828 714 885 et
734 821 770 884 in
789 827 861 885 tuto
880 827 1083 904 reponerent.
1129 819 1257 885 Quibus
1276 841 1353 904 pars

397 925 499 989 altera
513 924 728 988 incontinenti
743 923 906 1000 resistens,
922 922 1120 1007 adjudicatus
1136 922 1197 985 sibi
1212 923 1350 987 auctori-

397 1034 467 1092 tate
481 1034 587 1093 vestra
601 1026 830 1093 decimationes
844 1026 1012 1109 asportari,
1027 1025 1161 1089 minime
1177 1047 1272 1109 passa
1290 1034 1349 1089 est.

397 1130 522 1194 Verum
547 1130 612 1193 vim
637 1128 756 1193 inferre
781 1128 924 1191 volentes
948 1127 1077 1211 repulit,
1104 1148 1264 1212 suumque
1288 1128 1351 1193 sibi

398 1232 549 1298 detinuit.
584 1230 757 1297 umrelam
773 1228 815 1293 ad
829 1250 889 1293 nos
904 1230 1046 1293 referens
1061 1250 1158 1312 super
1172 1230 1233 1293 hoc
1249 1230 1348 1294 domi·

397 1358 459 1400 nus
475 1332 727 1411 archidiaconus,
745 1354 821 1397 oum
841 1338 964 1396 statuto
984 1331 1036 1396 die
1055 1332 1242 1396 earumdem
1264 1332 1348 1396 deci-

397 1438 579 1505 mationum
615 1434 856 1499 restitutionem
890 1434 951 1498 sibi
988 1435 1067 1512 lieri,
1097 1441 1255 1518 tanquam
1283 1434 1348 1498 vim

396 1562 510 1625 passus
532 1538 684 1621 exigeret,
705 1538 880 1603 auctoritas
900 1538 949 1601 rei
966 1537 1121 1621 judicatae
1142 1537 1206 1601 sibi
1225 1538 1349 1622 objecta

398 1652 458 1709 est.
504 1642 570 1709 Qui
589 1664 659 1706 rem
677 1641 763 1705 inter
777 1641 856 1705 alios
867 1640 1057 1724 judicatam,
1070 1640 1141 1704 aliis
1156 1639 1268 1704 obesse
1281 1662 1349 1705 non

399 1746 515 1812 debere
539 1766 692 1823 asserens,
717 1744 892 1827 sejudicio
915 1744 1039 1807 domini
1062 1744 1271 1808 Cioestrensis
1292 1764 1349 1807 ne·

398 1870 558 1933 qusquam
573 1848 765 1926 interfuisse,
775 1848 912 1931 ideoque
927 1846 1123 1912 sententiam
1134 1846 1175 1911 ub
1190 1868 1229 1911 eo
1240 1846 1350 1911 obesse

398 1952 460 2017 sibi
489 1974 556 2016 non
586 1951 701 2017 debere
726 1950 902 2033 respondit.
958 1951 1040 2015 Aliis
1068 1950 1260 2033 possessioni
1288 1949 1349 2014 sibi

398 2055 588 2121 auctoritate
603 2060 715 2119 nostra
731 2052 923 2136 adjudicetis
942 2052 1168 2130 innitentibus,
1183 2052 1350 2136 ipsamque

396 2155 532 2221 convelli
554 2175 621 2219 non
645 2153 761 2219 debere
786 2154 1013 2233 asserentibus,
1043 2155 1286 2219 archidiaconus
1315 2178 1349 2220 se
1428 2206 1433 2213 .

397 2256 522 2341 gravari
532 2277 741 2339 conquerens,
754 2255 796 2320 ad
806 2264 947 2321 vestrum
957 2258 1127 2342 appellavit
1139 2259 1348 2337 audientiam,

396 2366 430 2425 et
453 2360 511 2425 lia
541 2359 762 2443 appellationis
792 2381 859 2425 suae
887 2352 987 2426 testei
1015 2360 1125 2425 literas
1154 2362 1348 2445 impetravit.

398 2463 515 2527 Valere
543 2484 597 2529 vos
626 2470 776 2546 optemus
804 2463 842 2527 in
869 2463 1011 2544 domiuo,
1040 2472 1133 2549 pater
1160 2466 1197 2529 in
1220 2465 1350 2530 Christo

400 2566 525 2633 dilecte.

543 2759 764 2825 EPIS'POLA
786 2760 1027 2824 CLXIVe-sn
1044 2781 1198 2825 eunucu.

399 2912 494 2975 Patri
508 2932 561 2974 sete
576 2916 607 2974 et
622 2912 742 2974 domim
757 2931 873 2974 mmmc
882 2909 1025 2992 pontifici
1039 2912 1080 2976 Α.
1087 2909 1198 2991 frater
1215 2912 1253 2975 G.
1268 2912 1348 2975 Lon

442 3015 597 3079 docearis
616 3016 748 3078 ecclesie
767 3016 917 3093 minster,
933 3014 1066 3078 debitum
1081 3017 1225 3079 caritatis
1239 3021 1269 3079 et
1283 3017 1349 3080 obe-

442 3118 564 3181 dientie
570 3117 770 3199 famulatum.

442 3268 496 3332 An
523 3275 670 3347 vestram,
696 3276 798 3353 peter,
819 3269 947 3352 justum
976 3276 1025 3331 est
1054 3269 1165 3333 referri
1191 3270 1349 3349 notitiam,

398 3391 472 3454 qum
488 3369 574 3433 facta
593 3370 634 3433 ad
648 3391 703 3434 vos
723 3371 938 3454 appellatione
957 3392 1122 3454 suspensa,
1139 3379 1254 3437 vestrae
1276 3373 1350 3438 sub-

397 3471 543 3536 limitetis
558 3480 713 3557 expetunt
728 3474 763 3537 in
779 3474 829 3537 sui
845 3474 1004 3538 decisione
1019 3474 1225 3539 sententiam.
1254 3474 1351 3539 Unde

399 3581 511 3639 vestrae
539 3577 741 3641 notificamus
772 3577 979 3654 excellentiae,
1009 3599 1069 3642 nos
1100 3577 1141 3642 ob
1173 3579 1351 3643 instantem

396 3680 559 3765 querelem
585 3688 757 3764 parentum
787 3681 913 3745 comitis
938 3680 1091 3760 Alberici,
1118 3681 1205 3745 diem
1230 3683 1349 3747 consti-

397 3782 508 3863 tuisse,
524 3793 556 3848 et
571 3791 639 3848 tam
654 3784 805 3848 comitem
820 3784 925 3867 ipsum
946 3805 1044 3866 quam
1062 3785 1259 3849 comitissam
1273 3806 1351 3848 uro·

398 3908 467 3950 rem
492 3887 560 3971 ejus
585 3888 621 3951 in
641 3888 844 3970 praesentiam
868 3894 1013 3951 nostram
1039 3908 1194 3966 evocasse,
1218 3897 1257 3952 ut
1280 3909 1351 3971 quae

397 3992 485 4057 inter
502 3992 586 4077 ipsos
605 3998 777 4056 vertuntur
792 3991 986 4067 audiremus,
1006 3998 1039 4054 et
1060 3992 1124 4054 fide
1144 3992 1211 4055 veri
1226 3992 1351 4075 plenius

398 4094 519 4174 habita,
551 4095 715 4160 mediante
745 4095 874 4179 justitia
910 4093 1140 4159 decideremus.
1201 4094 1352 4159 Partibus

398 4199 507 4283 itaque
525 4220 630 4263 coram
653 4199 774 4281 positis,
794 4205 945 4282 parentes
968 4198 1093 4263 comitis
1115 4206 1352 4282 proposuerunt

400 4303 546 4387 copulam
569 4302 694 4365 comitis
717 4309 749 4366 et
772 4301 941 4365 comitissae
963 4322 1167 4385 nequaquam
1184 4302 1252 4366 fore
1274 4301 1352 4383 legi·
