3225 5192
271 731 337 773 no.
356 710 553 792 nae—48]
604 730 816 774 onocnsrarm
833 730 1009 773 nr1sronsr.
1182 716 1225 778 97

267 852 377 937 partus
399 844 527 909 effudit,
572 846 613 909 ln
629 845 745 929 quibus
761 846 905 911 educatae
927 853 1013 925 sunt,
1031 847 1132 911 saltus
1146 848 1223 912 ferae

267 968 333 1011 non
357 948 521 1011 desinunt.
569 948 670 1012 Silvas
691 948 831 1027 avieulae,
852 949 886 1011 in
909 950 1025 1032 quibus
1045 958 1223 1015 concreatae

269 1058 355 1129 sunt,
376 1051 443 1115 suis
466 1051 603 1135 implent
627 1052 800 1135 organulis,
822 1060 856 1116 et
878 1060 996 1116 natura
1018 1054 1053 1116 in
1076 1054 1221 1137 singulis,

269 1174 334 1217 non
349 1153 455 1217 solum
469 1153 585 1219 intime
599 1154 720 1238 trajicit
736 1154 900 1237 qualitatis
915 1156 1077 1233 affectum,
1091 1157 1146 1220 sed
1160 1158 1222 1241 ipsi

270 1257 453 1321 suecossivae
479 1278 545 1321 suae
571 1256 672 1321 soboli
698 1256 856 1325 exteriora
880 1278 952 1340 quae
980 1258 1131 1342 possidet,
1158 1282 1222 1342 quo

267 1366 373 1444 potest
391 1362 465 1445 jure
480 1360 626 1443 largitur.
670 1359 755 1423 Vide
770 1366 920 1423 naturum
935 1382 977 1424 ne
992 1362 1129 1445 expellas
1145 1384 1164 1426 a
1178 1371 1221 1441 te,

268 1462 444 1545 prudenter
474 1464 543 1547 ejus
573 1462 738 1545 acquiesce
768 1462 901 1547 judicio.
956 1464 1055 1547 Regis
1087 1465 1222 1529 Henrici

269 1564 459 1648 condignam
482 1565 634 1644 sobolem,
651 1566 780 1629 unicam
796 1565 866 1649 ejus
883 1565 993 1644 filiam,
1009 1566 1135 1649 legibus
1155 1569 1220 1631 edi-

267 1674 334 1731 tam
359 1674 391 1731 et
415 1667 595 1746 educatam,
615 1669 700 1750 regis
723 1667 824 1753 ipsius
849 1668 1010 1733 haeredem
1031 1669 1222 1735 inconcussa

268 1774 391 1838 ratione
413 1774 598 1857 pronuntia.
646 1771 719 1838 Hoc
737 1772 892 1851 divinum,
912 1773 974 1837 hoc
995 1776 1050 1858 jus
1072 1777 1221 1841 natinale

270 1876 403 1941 suadet:
425 1877 487 1941 hoc
507 1878 591 1962 juris
605 1877 741 1941 humani
756 1877 867 1940 sanxio
882 1884 1087 1959 protestatur.
1133 1879 1221 1943 Nam

265 1981 318 2063 jus
340 1981 519 2045 humanum
539 1982 657 2065 partim
672 1981 773 2059 civile,
790 1981 910 2063 partim
925 1982 979 2066 jus
1000 1982 1148 2064 gentium
1165 2005 1220 2065 ap-

268 2083 413 2166 pellatur.
458 2084 560 2148 Civile
583 2084 741 2167 estquod
766 2084 1001 2148 observandum
1023 2084 1084 2149 sibi
1110 2086 1220 2150 civitas

268 2208 468 2270 unaquaeqne
490 2186 670 2251 constituit.
716 2187 738 2250 J
741 2209 777 2250 us
800 2188 949 2270 gentium
971 2195 1020 2252 est
1045 2188 1131 2271 quod
1153 2211 1219 2253 non

269 2288 376 2353 civitas
395 2312 463 2354 una
482 2290 539 2353 sed
559 2310 761 2373 unaquaeque
784 2311 863 2372 gens
883 2290 944 2353 sibi
965 2292 1092 2355 censuit
1111 2291 1218 2355 obser-

269 2394 418 2457 vandum.
466 2394 530 2458 Sed
545 2401 579 2458 et
593 2394 678 2457 civili
693 2401 726 2457 et
745 2394 819 2477 jure
837 2394 984 2476 gentium
1003 2402 1097 2458 caute
1111 2395 1219 2458 decre·

268 2504 337 2560 tum
348 2503 407 2575 est,
420 2519 462 2560 ne
474 2498 568 2561 liceat
580 2497 730 2579 cuiquam
741 2496 961 2579 patrifamilias
972 2498 1071 2561 lilium
1081 2498 1219 2561 filiamve

270 2599 413 2683 legitimo
439 2607 638 2683 procreatam
666 2599 881 2677 matrimonio,
907 2600 970 2662 nisi
999 2600 1094 2663 certis
1119 2600 1219 2663 inter-

270 2703 473 2767 currentibus
487 2704 591 2768 causis
607 2703 763 2767 abdicare.
810 2704 923 2766 Ceusae
941 2724 1016 2765 vero
1037 2703 1220 2785 hujusmodi

273 2813 365 2870 sunt:
400 2813 439 2869 ut
468 2806 590 2889 siquis
618 2806 703 2890 patri
729 2826 861 2868 manum
889 2805 1045 2889 injecerit,
1072 2805 1122 2869 vel
1150 2807 1220 2889 ejus

271 2916 405 2973 mortem
429 2909 554 2973 indiciis
581 2910 758 2973 manifestis
785 2910 952 2991 optaverit,
976 2909 1027 2971 vel
1056 2908 1219 2972 beneficiis

270 3012 415 3094 ingratus
441 3011 584 3076 extiterit
613 3019 647 3075 et
676 3032 747 3095 quae
777 3011 962 3095 hujusmodi
989 3019 1076 3089 sunt,
1104 3011 1220 3094 quibus

270 3114 557 3178 intervenientibus
583 3113 696 3198 culpis,
722 3114 773 3177 lex
800 3114 899 3178 etiam
928 3114 1044 3178 liberos
1074 3114 1221 3178 abdicare

270 3218 436 3300 permittit.
484 3217 547 3281 Sed
567 3217 648 3281 nihil
667 3216 784 3281 horum
803 3218 1005 3300 inpraesenti
1021 3239 1118 3282 causa
1131 3239 1221 3300 repe-

270 3322 341 3389 ries.
387 3323 450 3387 Illa
479 3323 576 3400 enim,
602 3323 693 3405 cujus
723 3342 853 3384 causam
883 3329 950 3385 tam
980 3322 1116 3386 sollicita
1145 3344 1223 3385 cura

271 3427 468 3510 perstringis,
492 3424 621 3509 quando
644 3424 728 3508 patri
754 3423 881 3487 rebellis
908 3424 1037 3487 extitit?
1082 3425 1222 3489 Quando

269 3530 397 3613 ingrata
416 3528 603 3593 benefieiis?
647 3526 839 3589 Audivimus
866 3547 935 3589 eam
962 3527 1003 3590 ad
1026 3527 1125 3610 patris
1145 3549 1220 3591 con-

272 3632 378 3695 silium
407 3638 550 3695 tentasse
579 3629 690 3707 maria,
713 3628 941 3692 transcendere
963 3630 1072 3713 Alpes,
1093 3630 1221 3712 ignotas

269 3734 382 3798 adiisse
406 3735 562 3816 regiones.
607 3732 765 3815 Nupsisse
790 3730 911 3794 ibidem
935 3732 975 3795 ad
999 3733 1098 3814 patris
1120 3734 1219 3816 impe-

269 3838 363 3915 rium,
384 3844 417 3900 et
440 3836 564 3919 inipso
586 3855 695 3899 rerum
717 3833 846 3916 fastigio
867 3842 901 3898 et
921 3835 1047 3917 imperii
1068 3836 1219 3914 culmine,

270 3942 413 4019 honeste,
440 3948 613 4023 sancteque
635 3947 703 4004 tam
726 3938 781 4001 diu
804 3938 989 4021 perstitisse,
1013 3939 1124 4017 donec,
1147 3947 1219 4023 post

270 4043 326 4105 viri
350 4042 517 4107 decessum
543 4065 610 4106 non
635 4040 826 4105 necessitate
851 4049 997 4124 urgente,
1022 4043 1072 4105 vel
1095 4043 1221 4125 impetu

270 4144 428 4209 foemineae
442 4146 617 4209 voluntatis
635 4143 747 4207 leviter
761 4143 956 4226 impellente,
973 4145 1028 4208 sed
1048 4153 1149 4227 patre,
1165 4145 1220 4226 qui

269 4247 408 4325 miserat,
424 4255 603 4326 revocante,
620 4246 660 4310 ad
675 4246 780 4328 ipsum
795 4268 921 4310 reversa
936 4255 994 4311 est.
1036 4248 1080 4309 Et
1095 4247 1170 4308 licet
1184 4246 1220 4308 in

268 4348 336 4432 ipso
358 4351 500 4415 culmine
521 4372 640 4427 rerum,
667 4354 705 4411 ut
731 4348 853 4413 dictum
876 4356 934 4427 est,
955 4349 1157 4432 perstitisset,
1181 4356 1219 4411 ut

748 4472 769 4513 u
