3225 5192
360 670 422 729 104
667 684 828 727 ernanum
846 682 997 726 ariscorr

359 803 477 867 scimus
492 802 706 866 vulneratum.
749 802 883 865 Directa
897 809 947 864 est
961 821 1078 863 manus
1094 800 1315 883 persequentis

359 906 452 970 inte
478 899 533 969 sed
560 926 662 967 unum
690 904 841 968 omnibus
866 903 973 985 infigit
997 903 1114 966 vulnus
1139 902 1258 988 quibus
1281 910 1315 966 te

360 1029 427 1072 non
453 1009 537 1071 fictae
561 1006 729 1090 diligentia
754 1006 897 1070 caritatis
922 1006 1125 1070 astrinxerat.
1171 1006 1257 1068 Exul
1282 1013 1316 1069 et

362 1110 516 1194 profugus
542 1110 583 1174 ab
608 1109 741 1173 ccclesia
766 1115 825 1171 tua
849 1116 883 1172 et
908 1108 1038 1172 civitate
1064 1107 1250 1191 expelleris:
1282 1114 1316 1171 et

362 1220 516 1295 tanquam
548 1232 638 1275 sacra
663 1211 780 1273 laeseris
810 1210 928 1288 omnia,
955 1209 1079 1293 gladios
1104 1210 1141 1273 in
1169 1216 1203 1273 te
1232 1208 1317 1274 male

359 1318 486 1399 juratus
510 1314 600 1377 miles
623 1312 759 1391 exacuit,
780 1312 828 1375 nil
850 1320 960 1375 tamen
982 1312 1106 1377 habens
1128 1312 1214 1396 quod
1236 1312 1316 1395 obji-

363 1418 447 1495 ciat;
471 1418 533 1480 nisi
554 1416 639 1499 quod
660 1417 729 1499 ejus
749 1414 891 1479 audaciae
913 1415 949 1479 in
972 1416 1144 1480 sanctitate
1168 1423 1200 1479 et
1220 1415 1316 1498 justi-

364 1522 412 1584 cia
433 1521 587 1583 restitisti.
636 1518 796 1582 Restitisti
817 1518 965 1602 quidem3
988 1526 1021 1582 et
1045 1519 1240 1602 gandemus:
1263 1540 1316 1581 ex·

365 1624 475 1705 pulsus
487 1644 530 1699 cs,
544 1630 576 1686 et
589 1622 743 1685 dolemus.
776 1622 941 1699 Dolemus,
958 1621 1101 1704 inquam,
1117 1622 1220 1703 magis
1235 1622 1317 1684 irru-
1391 1672 1400 1690 .

365 1725 489 1787 entium
506 1725 587 1789 inte
603 1724 824 1804 ignominiam,
841 1745 938 1806 quam
958 1730 1024 1787 tuae
1043 1724 1147 1787 laudis
1162 1724 1317 1787 honorem

364 1834 397 1891 et
413 1827 556 1909 gloriam.
590 1826 715 1888 Scimus
731 1826 818 1889 enim
834 1826 920 1909 quod
934 1827 1039 1889 venali
1054 1826 1101 1889 illi
1115 1826 1220 1890 turbae
1234 1832 1268 1889 et
1282 1827 1318 1889 iu

364 1950 493 1992 omnem
508 1928 542 1991 in
559 1950 654 2010 quarn
671 1927 851 1991 condicitur
865 1928 1064 2011 impietatem
1083 1926 1317 2011 promtissime,
1430 1965 1444 1982 .

367 2030 405 2093 de
418 2029 505 2093 coelis
521 2030 568 2092 ira
579 2030 747 2108 revelatur,
762 2030 819 2093 sed
833 2030 1011 2095 humilitati
1026 2038 1092 2093 tuae
1106 2037 1139 2093 et
1155 2028 1319 2112 patientiae

367 2131 467 2214 gloria
487 2130 521 2193 in
542 2138 735 2215 perpetuum
755 2138 945 2196 reservatur.
992 2132 1117 2209 Gaude,
1132 2118 1248 2195 dilecte
1263 2131 1319 2205 mi,

368 2234 472 2317 gaude
493 2244 525 2297 et
546 2234 688 2298 attende.
734 2236 879 2299 Attende
901 2235 1034 2320 inquam
1055 2257 1152 2319 quam
1173 2235 1227 2318 pio
1246 2242 1320 2298 voto

367 2344 398 2399 te
417 2336 576 2400 bonorum
597 2336 742 2400 omnium
762 2337 861 2401 turba
879 2340 1093 2422 prosequitur,
1114 2338 1193 2401 dum
1212 2344 1320 2420 portas

369 2440 402 2502 in
428 2460 558 2521 corpore
583 2448 640 2504 tuo
664 2440 818 2524 stigmata
837 2441 958 2505 Clnisti
980 2442 1069 2519 Jesu,
1092 2441 1170 2504 dum
1192 2461 1319 2503 crucem

369 2542 437 2625 ejus
462 2541 595 2625 bajulas,
619 2542 697 2606 dnm
722 2564 779 2626 pro
799 2543 933 2625 justicia
953 2551 986 2607 et
1009 2544 1150 2607 ecclesiae
1172 2540 1320 2605 libertate

369 2644 403 2707 in
420 2666 522 2727 agone
539 2644 692 2709 decertas.
738 2646 816 2710 Non
839 2646 994 2709 delicatus
1017 2647 1109 2710 miles
1131 2646 1166 2708 in
1189 2645 1321 2709 Domini

369 2747 453 2809 bella
482 2748 606 2810 venisti.
662 2748 764 2813 Pedes
794 2748 885 2827 nudi,
916 2750 1013 2813 vestis
1042 2750 1145 2827 lanea,
1171 2748 1321 2811 vexillum

370 2850 471 2912 crucis
494 2850 529 2911 in
552 2851 701 2913 manibus
726 2851 844 2915 summi
866 2853 951 2933 regis
973 2852 1158 2934 exprimunt
1181 2857 1322 2915 armatu-

370 2974 448 3015 ram.
487 2952 581 3016 Quod
603 2954 802 3016 cantavimus
818 2953 985 3031 hactenns,
997 2955 1065 3036 jam
1081 2953 1225 3018 videmus
1240 2953 1275 3015 in
1289 2958 1325 3016 te

370 3055 450 3117 illud
472 3056 589 3116 summi
611 3056 800 3117 confessoris
821 3056 980 3136 elogium:
1012 3056 1085 3138 Ego
1107 3056 1201 3138 signo
1220 3054 1324 3119 crucis

369 3178 436 3219 non
452 3157 552 3238 clipeo
567 3162 731 3237 protectus
748 3162 804 3219 aut
820 3156 921 3237 galea,
936 3156 1078 3220 hostium
1094 3178 1212 3221 cuneos
1226 3178 1324 3240 pcne-

369 3256 462 3320 trabo
485 3277 624 3319 securus.
672 3257 754 3319 Haec
776 3264 825 3321 est
845 3257 968 3321 framea
983 3258 1113 3337 Christi,
1134 3266 1167 3321 et
1190 3258 1325 3322 baculus

371 3357 637 3441 peregrinationis
661 3358 741 3441 ejus,
765 3380 829 3441 quo
850 3360 1003 3424 contrivit
1024 3368 1133 3443 portas
1159 3381 1267 3438 aereas,
1291 3367 1325 3423 et

370 3470 474 3523 vestes
489 3460 607 3524 ferreos
623 3460 791 3545 confregit.
823 3462 873 3525 'ln
889 3484 1016 3547 quoque
1031 3464 1167 3546 sapienti
1182 3463 1325 3541 consilio,

371 3584 471 3626 cornu
491 3563 593 3625 crucis
613 3563 759 3629 inimicos
780 3573 854 3629 tuos
874 3565 1046 3642 ventilasti,
1066 3572 1101 3630 et
1119 3566 1324 3647 insurgentes

371 3666 406 3727 in
421 3672 454 3728 te
470 3666 668 3747 magnanimi
683 3668 853 3733 nobilitate
868 3668 1100 3752 contempsisti.
1139 3668 1222 3733 Quae
1236 3666 1276 3729 de
1291 3673 1325 3728 te

372 3766 467 3831 audio
482 3768 589 3830 laetam
604 3778 756 3833 resonant
771 3779 890 3835 cuncta
899 3772 1084 3836 victoriam:
1100 3768 1323 3849 insidiantium

372 3869 512 3951 laqueos,
522 3876 554 3932 et
567 3869 593 3932 si
606 3871 722 3951 nudus,
733 3874 900 3955 expeditus
910 3880 1021 3937 tamen
1030 3880 1063 3937 et
1074 3873 1178 3937 alacer
1186 3870 1323 3935 evasisti.

373 3970 534 4053 Expulsus
550 3972 678 4054 quidem
694 3995 728 4036 es
744 3974 784 4036 ab
800 3976 933 4039 ecclesia
947 3983 1015 4053 tua,
1031 3975 1088 4039 sed
1104 3996 1200 4058 quam
1215 3980 1324 4057 gratu-

374 4072 517 4135 labunda
531 4073 669 4137 occurrit
684 4074 744 4137 tibi
759 4076 893 4140 ecclesia
907 4086 1019 4142 sancta
1032 4084 1137 4141 mater
1151 4084 1217 4139 tua.
1244 4073 1325 4137 Iloec

374 4176 414 4239 ab
430 4197 486 4239 ora
500 4176 681 4240 vestimenti
697 4179 747 4241 sui
763 4179 815 4243 cui
832 4180 984 4245 decenter
1000 4181 1191 4258 inhaerebas,
1207 4186 1241 4244 te
1256 4200 1325 4242 sns-

375 4278 469 4357 tollit,
495 4278 553 4343 tibi
578 4279 684 4341 sinum
707 4281 819 4363 aperit,
837 4290 868 4345 te
888 4283 977 4347 intus
998 4283 1129 4367 colligit,
1150 4289 1251 4360 tenet,
1272 4282 1325 4345 de·
